
@article{Abanin14,
	title={A theory of many-body localization in periodically driven systems},
	author={Abanin, Dmitry and De Roeck, Wojciech and Huveneers, Fran{\c{c}}ois},
	journal={arXiv preprint arXiv:1412.4752},
	year={2014}
}

@article{AgarwalGriffiths2015,
  title = {Anomalous Diffusion and Griffiths Effects Near the Many-Body Localization Transition},
  author = {Agarwal, Kartiek and Gopalakrishnan, Sarang and Knap, Michael and M\"uller, Markus and Demler, Eugene},
  journal = {Phys. Rev. Lett.},
  volume = {114},
  issue = {16},
  pages = {160401},
  numpages = {6},
  year = {2015},
  month = {Apr},
  publisher = {American Physical Society},
  doi = {10.1103/PhysRevLett.114.160401},
  url = {http://link.aps.org/doi/10.1103/PhysRevLett.114.160401}
}

@ARTICLE{AleinerOTOC,
   author = {{Aleiner}, I.~L. and {Faoro}, L. and {Ioffe}, L.~B.},
    title = "{Microscopic model of quantum butterfly effect: Out-of-time-order correlators and traveling combustion waves}",
  journal = {Annals of Physics},
archivePrefix = "arXiv",
   eprint = {1609.01251},
 primaryClass = "cond-mat.stat-mech",
 keywords = {Quantum butterfly, Decoherence, Out-of-time order},
     year = 2016,
    month = dec,
   volume = 375,
    pages = {378-406},
      doi = {10.1016/j.aop.2016.09.006},
   adsurl = {http://adsabs.harvard.edu/abs/2016AnPhy.375..378A},
  adsnote = {Provided by the SAO/NASA Astrophysics Data System}
}

@article{AltmanVosk,
author = {Ehud Altman and Ronen Vosk},
title = {Universal Dynamics and Renormalization in Many-Body-Localized Systems},
journal = {Annual Review of Condensed Matter Physics},
volume = {6},
number = {1},
pages = {383-409},
year = {2015},
doi = {10.1146/annurev-conmatphys-031214-014701},
}

@article{AndersonDiff,
	title = {Absence of Diffusion in Certain Random Lattices},
	author = {Anderson, P. W.},
	journal = {Phys. Rev.},
	volume = {109},
	issue = {5},
	pages = {1492--1505},
	numpages = {0},
	year = {1958},
	month = {Mar},
	publisher = {American Physical Society},
	doi = {10.1103/PhysRev.109.1492},
	url = {http://link.aps.org/doi/10.1103/PhysRev.109.1492}
}

@article{Anto2016,
  title = {Diffusive and Subdiffusive Spin Transport in the Ergodic Phase of a Many-Body Localizable System},
  author = {\ifmmode \check{Z}\else \v{Z}\fi{}nidari\ifmmode \check{c}\else \v{c}\fi{}, Marko and Scardicchio, Antonello and Varma, Vipin Kerala},
  journal = {Phys. Rev. Lett.},
  volume = {117},
  issue = {4},
  pages = {040601},
  numpages = {6},
  year = {2016},
  month = {Jul},
  publisher = {American Physical Society},
  doi = {10.1103/PhysRevLett.117.040601},
  url = {http://link.aps.org/doi/10.1103/PhysRevLett.117.040601}
}

@article{Arovas84,
	Author = {Arovas, Daniel and Schrieffer, J. R. and Wilczek, Frank},
	Doi = {10.1103/PhysRevLett.53.722},
	Issue = {7},
	Journal = {Phys. Rev. Lett.},
	Month = {Aug},
	Numpages = {0},
	Pages = {722--723},
	Publisher = {American Physical Society},
	Title = {Fractional Statistics and the Quantum Hall Effect},
	Url = {http://link.aps.org/doi/10.1103/PhysRevLett.53.722},
	Volume = {53},
	Year = {1984},
	Bdsk-Url-1 = {http://link.aps.org/doi/10.1103/PhysRevLett.53.722},
	Bdsk-Url-2 = {http://dx.doi.org/10.1103/PhysRevLett.53.722}}

@article{Asboth14,
	title = {Chiral symmetry and bulk-boundary correspondence in periodically driven one-dimensional systems},
	volume = {90},
	url = {http://link.aps.org/doi/10.1103/PhysRevB.90.125143},
	doi = {10.1103/PhysRevB.90.125143},
	abstract = {In periodically driven lattice systems, the effective (Floquet) Hamiltonian can be engineered to be topological; then, the principle of bulk-boundary correspondence guarantees the existence of robust edge states. However, such setups can also host edge states not predicted by the Floquet Hamiltonian. The exploration of such edge states and the corresponding unique bulk topological invariants has only recently begun. In this work we calculate these invariants for chiral symmetric periodically driven one-dimensional systems. We find simple closed expressions for these invariants, as winding numbers of blocks of the unitary operator corresponding to a part of the time evolution. This gives a robust way to tune these invariants using sublattice shifts. We illustrate our ideas on the periodically driven Su-Schrieffer-Heeger model, which, as we show, can realize a discrete-time quantum walk; this opens a useful connection between periodically driven lattice systems and discrete-time quantum walks. Our work helps interpret the results of recent simulations where a large number of Floquet Majorana fermions in periodically driven superconductors have been found.},
	number = {12},
	urldate = {2016-01-13},
	journal = {Phys. Rev. B},
	author = {Asb\'oth, J. K. and Tarasinski, B. and Delplace, P.},
	month = sep,
	year = {2014},
	pages = {125143},
	file = {APS Snapshot:/Users/curtvk/Library/Application Support/Zotero/Profiles/aqe8gxl0.default/zotero/storage/KSWQE8MS/PhysRevB.90.html:text/html;Full Text PDF:/Users/curtvk/Library/Application Support/Zotero/Profiles/aqe8gxl0.default/zotero/storage/4RQQBAXT/Asb√≥th et al. - 2014 - Chiral symmetry and bulk-boundary correspondence i.pdf:application/pdf}
}

@article{Avron95,
	Author = {Avron, J. E. and Seiler, R. and Zograf, P. G.},
	Doi = {10.1103/PhysRevLett.75.697},
	Issue = {4},
	Journal = {Phys. Rev. Lett.},
	Month = {Jul},
	Numpages = {0},
	Pages = {697--700},
	Publisher = {American Physical Society},
	Title = {Viscosity of Quantum Hall Fluids},
	Url = {http://link.aps.org/doi/10.1103/PhysRevLett.75.697},
	Volume = {75},
	Year = {1995},
	Bdsk-Url-1 = {http://link.aps.org/doi/10.1103/PhysRevLett.75.697},
	Bdsk-Url-2 = {http://dx.doi.org/10.1103/PhysRevLett.75.697}}

@article{Bahri15,
	title = {Localization and topology protected quantum coherence at the edge of hot matter},
	volume = {6},
	url = {http://dx.doi.org/10.1038/ncomms8341},
	abstract = {Topological phases are characterized by edge states confined near the boundaries by a bulk energy gap. On raising temperature, these edge states are typically lost due to mobile thermal excitations. However, disorder can localize an isolated many-body system, potentially allowing for a sharply defined topological phase even in a highly excited state. We explicitly demonstrate this in a model of a disordered, one-dimensional magnet with spin one-half edge excitations. Furthermore, we show that the time evolution of a simple, highly excited state reveals quantum coherent edge spins. In particular, we demonstrate the coherent revival of an edge spin over a time scale that grows exponentially with system size. This is in sharp contrast to the general expectation that quantum bits strongly coupled with a hot many-body system will rapidly lose coherence. This result opens new directions in the study of topologically protected quantum dynamics.},
	journal = {Nat Commun},
	author = {Bahri, Yasaman and Vosk, Ronen and Altman, Ehud and Vishwanath, Ashvin},
	month = jul,
	year = {2015}}

@article{BaigPhysLettB207,
	Author = {M. Baig},
	Doi = {10.1016/0370-2693(88)90579-5},
	Issn = {0370-2693},
	Journal = {Physics Letters B},
	Number = {3},
	Pages = {300 - 304},
	Title = {Determination of the phase structure of the four-dimensional coupled gauge-Higgs Potts model},
	Url = {http://www.sciencedirect.com/science/article/pii/0370269388905795},
	Volume = {207},
	Year = {1988},
	Bdsk-Url-1 = {http://www.sciencedirect.com/science/article/pii/0370269388905795},
	Bdsk-Url-2 = {http://dx.doi.org/10.1016/0370-2693(88)90579-5}}

@article{Banks77,
	Author = {Banks, Tom and Myerson, R and Kogut, J},
	Journal = {Nuclear Physics B},
	Number = {3},
	Pages = {493--510},
	Publisher = {Elsevier},
	Title = {Phase transitions in abelian lattice gauge theories},
	Volume = {129},
	Year = {1977}}

@article{BarLevDynamics,
  title = {Dynamics of many-body localization},
  author = {Bar Lev, Yevgeny and Reichman, David R.},
  journal = {Phys. Rev. B},
  volume = {89},
  issue = {22},
  pages = {220201},
  numpages = {5},
  year = {2014},
  month = {Jun},
  publisher = {American Physical Society},
  doi = {10.1103/PhysRevB.89.220201},
  url = {http://link.aps.org/doi/10.1103/PhysRevB.89.220201}
}

@article{Baraban09,
  title = {Numerical Analysis of Quasiholes of the Moore-Read Wave Function},
  author = {Baraban, M. and Zikos, G. and Bonesteel, N. and Simon, S. H.},
  journal = {Phys. Rev. Lett.},
  volume = {103},
  issue = {7},
  pages = {076801},
  numpages = {4},
  year = {2009},
  month = {Aug},
  publisher = {American Physical Society},
  doi = {10.1103/PhysRevLett.103.076801},
  url = {http://link.aps.org/doi/10.1103/PhysRevLett.103.076801}
}

@article{BardarsonPollmannMoore,
  title = {Unbounded Growth of Entanglement in Models of Many-Body Localization},
  author = {Bardarson, Jens H. and Pollmann, Frank and Moore, Joel E.},
  journal = {Phys. Rev. Lett.},
  volume = {109},
  issue = {1},
  pages = {017202},
  numpages = {5},
  year = {2012},
  month = {Jul},
  publisher = {American Physical Society},
  doi = {10.1103/PhysRevLett.109.017202},
  url = {https://link.aps.org/doi/10.1103/PhysRevLett.109.017202}
}

@article{Basko06,
	title = {Metal-insulator transition in a weakly interacting many-electron system with localized single-particle states},
	volume = {321},
	issn = {0003-4916},
	url = {http://www.sciencedirect.com/science/article/pii/S0003491605002630},
	doi = {10.1016/j.aop.2005.11.014},
	abstract = {We consider low-temperature behavior of weakly interacting electrons in disordered conductors in the regime when all single-particle eigenstates are localized by the quenched disorder. We prove that in the absence of coupling of the electrons to any external bath dc electrical conductivity exactly vanishes as long as the temperature T does not exceed some finite value Tc. At the same time, it can be also proven that at high enough T the conductivity is finite. These two statements imply that the system undergoes a finite temperature metal-to-insulator transition, which can be viewed as Anderson-like localization of many-body wave functions in the Fock space. Metallic and insulating states are not different from each other by any spatial or discrete symmetries. We formulate the effective Hamiltonian description of the system at low energies (of the order of the level spacing in the single-particle localization volume). In the metallic phase quantum Boltzmann equation is valid, allowing to find the kinetic coefficients. In the insulating phase, T \&lt; Tc, we use Feynmann diagram technique to determine the probability distribution function for quantum-mechanical transition rates. The probability of an escape rate from a given quantum state to be finite turns out to vanish in every order of the perturbation theory in electron?electron interaction. Thus, electron?electron interaction alone is unable to cause the relaxation and establish the thermal equilibrium. As soon as some weak coupling to a bath is turned on, conductivity becomes finite even in the insulating phase. Moreover, in the vicinity of the transition temperature it is much larger than phonon-induced hopping conductivity of non-interacting electrons. The reason for this enhancement is that the stability of the insulating state is gradually decreasing as the transition point is approached. As a result, a single phonon can cause a whole cascade of electronic hops.},
	number = {5},
	urldate = {2016-01-22},
	journal = {Annals of Physics},
	author = {Basko, D. M. and Aleiner, I. L. and Altshuler, B. L.},
	month = may,
	year = {2006},
	keywords = {Anderson localization, Fock space, Metal?insulator transition},
	pages = {1126--1205},
	file = {ScienceDirect Full Text PDF:/Users/curtvk/Library/Application Support/Zotero/Profiles/aqe8gxl0.default/zotero/storage/6RZEKFM3/Basko et al. - 2006 - Metal?insulator transition in a weakly interacting.pdf:application/pdf;ScienceDirect Snapshot:/Users/curtvk/Library/Application Support/Zotero/Profiles/aqe8gxl0.default/zotero/storage/KU8QG9JD/S0003491605002630.html:text/html}
}

@article{Bastidas12,
  title = {Nonequilibrium quantum phase transitions in the Ising model},
  author = {Bastidas, V. M. and Emary, C. and Schaller, G. and Brandes, T.},
  journal = {Phys. Rev. A},
  volume = {86},
  issue = {6},
  pages = {063627},
  numpages = {9},
  year = {2012},
  month = {Dec},
  publisher = {American Physical Society},
  doi = {10.1103/PhysRevA.86.063627},
  url = {http://link.aps.org/doi/10.1103/PhysRevA.86.063627}
}

@article{Bauer13,
  author={Bela Bauer and Chetan Nayak},
  title={Area laws in a many-body localized state and its implications for topological order},
  journal={Journal of Statistical Mechanics: Theory and Experiment},
  volume={2013},
  number={09},
  pages={P09005},
  url={http://stacks.iop.org/1742-5468/2013/i=09/a=P09005},
  year={2013},
  abstract={The question whether Anderson insulators can persist to finite-strength interactions?a scenario dubbed many-body localization?has recently received a great deal of interest. The origin of such a many-body localized phase has been described as localization in Fock space, a picture we examine numerically. We then formulate a precise sense in which a single energy eigenstate of a Hamiltonian can be adiabatically connected to a state of a non-interacting Anderson insulator. We call such a state a many - body localized state and define a many-body localized phase as one in which almost all states are many-body localized states. We explore the possible consequences of this; the most striking is an area law for the entanglement entropy of almost all excited states in a many-body localized phase. We present the results of numerical calculations for a one-dimensional system of spinless fermions. Our results are consistent with an area law and, by implication, many-body localization for almost all states and almost all regions for weak enough interactions and strong disorder. However, there are rare regions and rare states with much larger entanglement entropies. Furthermore, we study the implications that many-body localization may have for topological phases and self-correcting quantum memories. We find that there are scenarios in which many-body localization can help to stabilize topological order at non-zero energy density, and we propose potentially useful criteria to confirm these scenarios.}
}

@article{Berruto01,
	Author = {F. Berruto and M.C. Diamantini and P. Sodano},
	Doi = {http://dx.doi.org/10.1016/S0920-5632(01)01004-0},
	Issn = {0920-5632},
	Journal = {Nuclear Physics B - Proceedings Supplements},
	Note = {<ce:title>Proceedings of the \{XVIIIth\} International Symposium on Lattice Field Theory</ce:title>},
	Number = {1--3},
	Pages = {657 - 660},
	Title = {On the doubling phenomenon in lattice Chern-Simons theories},
	Url = {http://www.sciencedirect.com/science/article/pii/S0920563201010040},
	Volume = {94},
	Year = {2001},
	Bdsk-Url-1 = {http://www.sciencedirect.com/science/article/pii/S0920563201010040},
	Bdsk-Url-2 = {http://dx.doi.org/10.1016/S0920-5632(01)01004-0}}

@article{Bishara2008,
	Author = {Bishara, Waheb and Nayak, Chetan},
	Doi = {10.1103/PhysRevB.77.165302},
	Issue = {16},
	Journal = {Phys. Rev. B},
	Month = {Apr},
	Numpages = {8},
	Pages = {165302},
	Publisher = {American Physical Society},
	Title = {Edge states and interferometers in the Pfaffian and anti-Pfaffian states of the $$\nu${}=\frac{5}{2}$ quantum Hall system},
	Url = {http://link.aps.org/doi/10.1103/PhysRevB.77.165302},
	Volume = {77},
	Year = {2008},
	Bdsk-Url-1 = {http://link.aps.org/doi/10.1103/PhysRevB.77.165302},
	Bdsk-Url-2 = {http://dx.doi.org/10.1103/PhysRevB.77.165302}}

@article{Bishara2009,
	Author = {Bishara, Waheb and Nayak, Chetan},
	Doi = {10.1103/PhysRevB.80.155304},
	Issue = {15},
	Journal = {Phys. Rev. B},
	Month = {Oct},
	Numpages = {12},
	Pages = {155304},
	Publisher = {American Physical Society},
	Title = {Odd-even crossover in a non-Abelian $$\nu${}=5/2$ interferometer},
	Url = {http://link.aps.org/doi/10.1103/PhysRevB.80.155304},
	Volume = {80},
	Year = {2009},
	Bdsk-Url-1 = {http://link.aps.org/doi/10.1103/PhysRevB.80.155304},
	Bdsk-Url-2 = {http://dx.doi.org/10.1103/PhysRevB.80.155304}}

@article{BlochRMP,
	title = {Many-body physics with ultracold gases},
	author = {Bloch, Immanuel and Dalibard, Jean and Zwerger, Wilhelm},
	journal = {Rev. Mod. Phys.},
	volume = {80},
	issue = {3},
	pages = {885--964},
	numpages = {0},
	year = {2008},
	month = {Jul},
	publisher = {American Physical Society},
	doi = {10.1103/RevModPhys.80.885},
	url = {https://link.aps.org/doi/10.1103/RevModPhys.80.885}
}

@article{Bonderson06,
	Author = {Bonderson, Parsa and Kitaev, Alexei and Shtengel, Kirill},
	Doi = {10.1103/PhysRevLett.96.016803},
	Issue = {1},
	Journal = {Phys. Rev. Lett.},
	Month = {Jan},
	Numpages = {4},
	Pages = {016803},
	Publisher = {American Physical Society},
	Title = {Detecting Non-Abelian Statistics in the $\nu${}=5/2 Fractional Quantum Hall State},
	Url = {http://link.aps.org/doi/10.1103/PhysRevLett.96.016803},
	Volume = {96},
	Year = {2006},
	Bdsk-Url-1 = {http://link.aps.org/doi/10.1103/PhysRevLett.96.016803},
	Bdsk-Url-2 = {http://dx.doi.org/10.1103/PhysRevLett.96.016803}}

@misc{Bonderson07,
	Note = {P.H. Bonderson, Ph.D. thesis, California Institute of Technology, 2007.}
}

@article{Bordia2016,
  title = {Coupling Identical one-dimensional Many-Body Localized Systems},
  author = {Bordia, Pranjal and L\"uschen, Henrik P. and Hodgman, Sean S. and Schreiber, Michael and Bloch, Immanuel and Schneider, Ulrich},
  journal = {Phys. Rev. Lett.},
  volume = {116},
  issue = {14},
  pages = {140401},
  numpages = {6},
  year = {2016},
  month = {Apr},
  publisher = {American Physical Society},
  url = {http://link.aps.org/doi/10.1103/PhysRevLett.116.140401}
}


@article{BosonizationforBeg,
	Author = {von Delft, Jan and Schoeller, Herbert},
	Doi = {10.1002/(SICI)1521-3889(199811)7:4<225::AID-ANDP225>3.0.CO;2-L},
	Issn = {1521-3889},
	Journal = {Annalen der Physik},
	Keywords = {Bosonization, Refermionization, Luttinger liquids},
	Number = {4},
	Pages = {225--305},
	Publisher = {WILEY-VCH Verlag},
	Title = {Bosonization for beginners --- refermionization for experts},
	Url = {http://dx.doi.org/10.1002/(SICI)1521-3889(199811)7:4<225::AID-ANDP225>3.0.CO;2-L},
	Volume = {7},
	Year = {1998},
	Bdsk-Url-1 = {http://dx.doi.org/10.1002/(SICI)1521-3889(199811)7:4%3C225::AID-ANDP225%3E3.0.CO;2-L}}

@ARTICLE{Bravyi2006,
   author = {{Bravyi}, S. and {Hastings}, M.~B. and {Verstraete}, F.},
    title = "{Lieb-Robinson Bounds and the Generation of Correlations and Topological Quantum Order}",
  journal = {Physical Review Letters},
   eprint = {quant-ph/0603121},
 keywords = {Entanglement and quantum nonlocality, Phases: geometric, dynamic or topological, Entanglement production characterization and manipulation, Lattice theory and statistics},
     year = 2006,
    month = aug,
   volume = 97,
   number = 5,
      eid = {050401},
    pages = {050401},
      doi = {10.1103/PhysRevLett.97.050401},
   adsurl = {http://adsabs.harvard.edu/abs/2006PhRvL..97e0401B},
  adsnote = {Provided by the SAO/NASA Astrophysics Data System}
}

@article{Bravyi98,
	Author = {Bravyi, Sergey B and Kitaev, A Yu},
	Journal = {arXiv preprint quant-ph/9811052},
	Title = {Quantum codes on a lattice with boundary},
	Year = {1998}
}

@article{BrownScrambling,
	author = {{Brown}, W. and {Fawzi}, O.},
	title = "{Scrambling speed of random quantum circuits}",
	journal = {ArXiv e-prints},
	archivePrefix = "arXiv",
	eprint = {1210.6644},
	primaryClass = "quant-ph",
	keywords = {Quantum Physics, High Energy Physics - Theory},
	year = 2012,
	month = oct,
	adsurl = {http://adsabs.harvard.edu/abs/2012arXiv1210.6644B},
	adsnote = {Provided by the SAO/NASA Astrophysics Data System}
}

@article{Burnell13,
	Author = {Burnell, F. J. and von Keyserlingk, C. W. and Simon, S. H.},
	Doi = {10.1103/PhysRevB.88.235120},
	Issue = {23},
	Journal = {Phys. Rev. B},
	Month = {Dec},
	Numpages = {26},
	Pages = {235120},
	Publisher = {American Physical Society},
	Title = {Phase transitions in three-dimensional topological lattice models with surface anyons},
	Url = {http://link.aps.org/doi/10.1103/PhysRevB.88.235120},
	Volume = {88},
	Year = {2013},
	Bdsk-Url-1 = {http://link.aps.org/doi/10.1103/PhysRevB.88.235120},
	Bdsk-Url-2 = {http://dx.doi.org/10.1103/PhysRevB.88.235120}}

@article{CCFS1,
	title={Correlation length bounds for disordered Ising ferromagnets},
	author={Chayes, JT and Chayes, L and Fisher, Daniel S and Spencer, T},
	journal={Communications in mathematical physics},
	volume={120},
	number={3},
	pages={501--523},
	year={1989},
	publisher={Springer}
}

@article{CCFS2,
	title={Finite-size scaling and correlation lengths for disordered systems},
	author={Chayes, JT and Chayes, L and Fisher, Daniel S and Spencer, T},
	journal={Physical review letters},
	volume={57},
	number={24},
	pages={2999},
	year={1986},
	publisher={APS}
}

@article{CH,
	Author = {Burnell, F. J. and Simon, Steven},
	Journal = {Annals of physics},
	Month = {Nov.},
	Number = {11},
	Pages = {2550-2593},
	Title = {Space-time geometry of topological phases},
	Volume = {325},
	Year = {2010}
}

@ARTICLE{CLO,
   author = {{Chandran}, A. and {Laumann}, C.~R. and {Oganesyan}, V.},
    title = "{Finite size scaling bounds on many-body localized phase transitions}",
  journal = {ArXiv e-prints},
archivePrefix = "arXiv",
   eprint = {1509.04285},
 primaryClass = "cond-mat.dis-nn",
 keywords = {Condensed Matter - Disordered Systems and Neural Networks, Condensed Matter - Statistical Mechanics, Condensed Matter - Strongly Correlated Electrons},
     year = 2015,
    month = sep,
   adsurl = {http://adsabs.harvard.edu/abs/2015arXiv150904285C},
  adsnote = {Provided by the SAO/NASA Astrophysics Data System}
}

@ARTICLE{CalabreseCardy,
   author = {{Calabrese}, P. and {Cardy}, J.},
    title = "{Entanglement entropy and conformal field theory}",
  journal = {Journal of Physics A Mathematical General},
archivePrefix = "arXiv",
   eprint = {0905.4013},
 primaryClass = "cond-mat.stat-mech",
     year = 2009,
    month = dec,
   volume = 42,
      eid = {504005},
    pages = {504005},
      doi = {10.1088/1751-8113/42/50/504005},
   adsurl = {http://adsabs.harvard.edu/abs/2009JPhA...42X4005C},
  adsnote = {Provided by the SAO/NASA Astrophysics Data System}
}

@article{Callan76,
	Author = {C.G. Callan Jr. and R.F. Dashen and D.J. Gross},
	Doi = {http://dx.doi.org/10.1016/0370-2693(76)90277-X},
	Issn = {0370-2693},
	Journal = {Physics Letters B},
	Number = {3},
	Pages = {334 - 340},
	Title = {The structure of the gauge theory vacuum},
	Volume = {63},
	Year = {1976},
	Bdsk-Url-1 = {http://dx.doi.org/10.1016/0370-2693(76)90277-X}}

@article{Cardy82a,
	Author = {John L. Cardy and Eliezer Rabinovici},
	Doi = {http://dx.doi.org/10.1016/0550-3213(82)90463-1},
	Issn = {0550-3213},
	Journal = {Nuclear Physics B},
	Number = {1},
	Pages = {1 - 16},
	Title = {Phase structure of Zp models in the presence of a {\OE}‚àè parameter},
	Url = {http://www.sciencedirect.com/science/article/pii/0550321382904631},
	Volume = {205},
	Year = {1982},
	Bdsk-Url-1 = {http://www.sciencedirect.com/science/article/pii/0550321382904631},
	Bdsk-Url-2 = {http://dx.doi.org/10.1016/0550-3213(82)90463-1}}

@article{Cardy82b,
	Author = {John L. Cardy},
	Doi = {http://dx.doi.org/10.1016/0550-3213(82)90464-3},
	Issn = {0550-3213},
	Journal = {Nuclear Physics B},
	Number = {1},
	Pages = {17 - 26},
	Title = {Duality and the {\OE}‚àè parameter in Abelian lattice models},
	Url = {http://www.sciencedirect.com/science/article/pii/0550321382904643},
	Volume = {205},
	Year = {1982},
	Bdsk-Url-1 = {http://www.sciencedirect.com/science/article/pii/0550321382904643},
	Bdsk-Url-2 = {http://dx.doi.org/10.1016/0550-3213(82)90464-3}}

@article{Carpentier15,
  title = {Topological Index for Periodically Driven Time-Reversal Invariant 2D Systems},
  author = {Carpentier, David and Delplace, Pierre and Fruchart, Michel and Gawedzki, Krzysztof},
  journal = {Phys. Rev. Lett.},
  volume = {114},
  issue = {10},
  pages = {106806},
  numpages = {5},
  year = {2015},
  month = {Mar},
  publisher = {American Physical Society},
  doi = {10.1103/PhysRevLett.114.106806},
  url = {http://link.aps.org/doi/10.1103/PhysRevLett.114.106806}
}

@article{Castelnovo08,
	Author = {Castelnovo, Claudio and Chamon, Claudio},
	Journal = {Phys. Rev. B},
	Month = {Feb},
	Number = {5},
	Numpages = {14},
	Pages = {054433},
	Publisher = {American Physical Society},
	Title = {Quantum topological phase transition at the microscopic level},
	Volume = {77},
	Year = {2008}}

@article{Castelnovo09,
	Author = {Castelnovo, Claudio and Chamon, Claudio},
	Doi = {10.1103/PhysRevB.78.155120},
	Issue = {15},
	Journal = {Phys. Rev. B},
	Month = {Oct},
	Numpages = {26},
	Pages = {155120},
	Publisher = {American Physical Society},
	Title = {Topological order in a three-dimensional toric code at finite temperature},
	Url = {http://link.aps.org/doi/10.1103/PhysRevB.78.155120},
	Volume = {78},
	Year = {2008},
	Bdsk-Url-1 = {http://link.aps.org/doi/10.1103/PhysRevB.78.155120},
	Bdsk-Url-2 = {http://dx.doi.org/10.1103/PhysRevB.78.155120}}

@article{Cattaneo05,
	Author = {Cattaneo, Alberto S and Rossi, Carlo A},
	Journal = {Communications in mathematical physics},
	Number = {3},
	Pages = {513--537},
	Publisher = {Springer},
	Title = {Wilson surfaces and higher dimensional knot invariants},
	Volume = {256},
	Year = {2005}}

@article{Cattaneo95,
	Author = {Alberto S. Cattaneo and Paolo Cotta-Ramusino and Andrea Gamba and Maurizio Martellini},
	Doi = {http://dx.doi.org/10.1016/0370-2693(95)00718-Z},
	Issn = {0370-2693},
	Journal = {Physics Letters B},
	Number = {1--2},
	Pages = {245 - 254},
	Title = {Donaldson-Witten invariants and pure 4D \{QCD\} with order and disorder 't Hooft-like operators},
	Url = {http://www.sciencedirect.com/science/article/pii/037026939500718Z},
	Volume = {355},
	Year = {1995},
	Bdsk-Url-1 = {http://www.sciencedirect.com/science/article/pii/037026939500718Z},
	Bdsk-Url-2 = {http://dx.doi.org/10.1016/0370-2693(95)00718-Z}
}

@article{Cazalilla2010,
	doi = {10.1088/1367-2630/12/5/055006},
	url = {https://doi.org/10.1088/1367-2630/12/5/055006},
	year  = {2010},
	month = {may},
	publisher = {{IOP} Publishing},
	volume = {12},
	number = {5},
	pages = {055006},
	author = {M A Cazalilla and M Rigol},
	title = {Focus on Dynamics and Thermalization in Isolated Quantum Many-Body Systems},
	journal = {New Journal of Physics}
}

@ARTICLE{ChalkerFloquetChaos,
   author = {{Chan}, A. and {De Luca}, A. and {Chalker}, J.~T.},
    title = "{Solution of a minimal model for many-body quantum chaos}",
  journal = {ArXiv e-prints},
archivePrefix = "arXiv",
   eprint = {1712.06836},
 primaryClass = "cond-mat.stat-mech",
 keywords = {Condensed Matter - Statistical Mechanics, Condensed Matter - Strongly Correlated Electrons, High Energy Physics - Theory, Quantum Physics},
     year = 2017,
    month = dec,
   adsurl = {http://adsabs.harvard.edu/abs/2017arXiv171206836C},
  adsnote = {Provided by the SAO/NASA Astrophysics Data System}
}

@article{Chamon97,
	Author = {de C. Chamon, C. and Freed, D. E. and Kivelson, S. A. and Sondhi, S. L. and Wen, X. G.},
	Doi = {10.1103/PhysRevB.55.2331},
	Issue = {4},
	Journal = {Phys. Rev. B},
	Month = {Jan},
	Numpages = {0},
	Pages = {2331--2343},
	Publisher = {American Physical Society},
	Title = {Two point-contact interferometer for quantum Hall systems},
	Url = {http://link.aps.org/doi/10.1103/PhysRevB.55.2331},
	Volume = {55},
	Year = {1997},
	Bdsk-Url-1 = {http://link.aps.org/doi/10.1103/PhysRevB.55.2331},
	Bdsk-Url-2 = {http://dx.doi.org/10.1103/PhysRevB.55.2331}}

@article{Chandran14,
  title = {Many-body localization and symmetry-protected topological order},
  author = {Chandran, Anushya and Khemani, Vedika and Laumann, C. R. and Sondhi, S. L.},
  journal = {Phys. Rev. B},
  volume = {89},
  issue = {14},
  pages = {144201},
  numpages = {9},
  year = {2014},
  month = {Apr},
  publisher = {American Physical Society},
  doi = {10.1103/PhysRevB.89.144201},
  url = {http://link.aps.org/doi/10.1103/PhysRevB.89.144201}
}

@ARTICLE{Chandran15,
   author = {{Chandran}, A. and {Sondhi}, S.~L.},
    title = "{Interaction stabilized steady states in the driven O(N) model}",
  journal = {ArXiv e-prints},
archivePrefix = "arXiv",
   eprint = {1506.08836},
 primaryClass = "cond-mat.stat-mech",
 keywords = {Condensed Matter - Statistical Mechanics, Quantum Physics},
     year = 2015,
    month = jun,
   adsurl = {http://adsabs.harvard.edu/abs/2015arXiv150608836C},
  adsnote = {Provided by the SAO/NASA Astrophysics Data System}
}

@article{Chandran15b,
  title = {Constructing local integrals of motion in the many-body localized phase},
  author = {Chandran, Anushya and Kim, Isaac H. and Vidal, Guifre and Abanin, Dmitry A.},
  journal = {Phys. Rev. B},
  volume = {91},
  issue = {8},
  pages = {085425},
  numpages = {7},
  year = {2015},
  month = {Feb},
  publisher = {American Physical Society},
  url = {http://link.aps.org/doi/10.1103/PhysRevB.91.085425}
}


@ARTICLE{Chandran20162D,
	author = {{Chandran}, A. and {Pal}, A. and {Laumann}, C.~R. and {Scardicchio}, A.
	},
	title = "{Many-body localization beyond eigenstates in all dimensions}",
	journal = {ArXiv e-prints},
	archivePrefix = "arXiv",
	eprint = {1605.00655},
	primaryClass = "cond-mat.dis-nn",
	keywords = {Condensed Matter - Disordered Systems and Neural Networks, Condensed Matter - Quantum Gases, Condensed Matter - Statistical Mechanics},
	year = 2016,
	month = may,
}

@article{Chandranetal,
	Author = {Chandran, Anushya and Burnell, FJ and Khemani, Vedika and Sondhi, Shivaji L},
	Journal = {Journal of Physics: Condensed Matter},
	Number = {40},
	Pages = {404214},
	Publisher = {IOP Publishing},
	Title = {Kibble--Zurek scaling and string-net coarsening in topologically ordered systems},
	Volume = {25},
	Year = {2013}}

@article{CheluvarajaJPA33,
	Author = {Srinath Cheluvaraja},
	Journal = {Journal of Physics A: Mathematical and General},
	Number = {6},
	Pages = {1099},
	Title = {Phase transitions in Abelian lattice gauge theories},
	Url = {http://stacks.iop.org/0305-4470/33/i=6/a=302},
	Volume = {33},
	Year = {2000},
	Bdsk-Url-1 = {http://stacks.iop.org/0305-4470/33/i=6/a=302}}

@article{Chen093Dtopins,
	Author = {Chen, Y. L. and Analytis, J. G. and Chu, J.-H. and Liu, Z. K. and Mo, S.-K. and Qi, X. L. and Zhang, H. J. and Lu, D. H. and Dai, X. and Fang, Z. and Zhang, S. C. and Fisher, I. R. and Hussain, Z. and Shen, Z.-X.},
	Doi = {10.1126/science.1173034},
	Eprint = {http://www.sciencemag.org/content/325/5937/178.full.pdf},
	Journal = {Science},
	Number = {5937},
	Pages = {178-181},
	Title = {Experimental Realization of a Three-Dimensional Topological Insulator, Bi2Te3},
	Volume = {325},
	Year = {2009},
	Bdsk-Url-1 = {http://dx.doi.org/10.1126/science.1173034}}


@article{Chen10,
  title = {Local unitary transformation, long-range quantum entanglement, wave function renormalization, and topological order},
  author = {Chen, Xie and Gu, Zheng-Cheng and Wen, Xiao-Gang},
  journal = {Phys. Rev. B},
  volume = {82},
  issue = {15},
  pages = {155138},
  numpages = {28},
  year = {2010},
  month = {Oct},
  publisher = {American Physical Society},
  doi = {10.1103/PhysRevB.82.155138},
  url = {http://link.aps.org/doi/10.1103/PhysRevB.82.155138}
}


@article{Chen11,
  title = {Complete classification of one-dimensional gapped quantum phases in interacting spin systems},
  author = {Chen, Xie and Gu, Zheng-Cheng and Wen, Xiao-Gang},
  journal = {Phys. Rev. B},
  volume = {84},
  issue = {23},
  pages = {235128},
  numpages = {14},
  year = {2011},
  month = {Dec},
  publisher = {American Physical Society},
  doi = {10.1103/PhysRevB.84.235128},
  url = {http://link.aps.org/doi/10.1103/PhysRevB.84.235128}
}

@article{Chen11SSB,
	title = {Complete classification of one-dimensional gapped quantum phases in interacting spin systems},
	volume = {84},
	url = {http://link.aps.org/doi/10.1103/PhysRevB.84.235128},
	doi = {10.1103/PhysRevB.84.235128},
	abstract = {Quantum phases with different orders exist with or without breaking the symmetry of the system. Recently, a classification of gapped quantum phases which do not break time reversal, parity, or on-site unitary symmetry has been given for 1D spin systems by X. Chen, Z.-C. Gu, and X.-G. Wen [Phys. Rev. B 83, 035107 (2011)]. It was found that such symmetry-protected topological (SPT) phases are labeled by the projective representations of the symmetry group which can be viewed as a symmetry fractionalization. In this paper, we extend the classification of 1D gapped phases by considering SPT phases with combined time reversal, parity, and/or on-site unitary symmetries and also the possibility of symmetry breaking. We clarify how symmetry fractionalizes with combined symmetries and also how symmetry fractionalization coexists with symmetry breaking. In this way, we obtain a complete classification of gapped quantum phases in 1D spin systems. We find that in general, symmetry fractionalization, symmetry breaking, and long-range entanglement (present in 2 or higher dimensions) represent three main mechanisms to generate a very rich set of gapped quantum phases. As an application of our classification, we study the possible SPT phases in 1D fermionic systems, which can be mapped to spin systems by Jordan-Wigner transformation.},
	number = {23},
	urldate = {2016-04-25},
	journal = {Physical Review B},
	author = {Chen, Xie and Gu, Zheng-Cheng and Wen, Xiao-Gang},
	month = dec,
	year = {2011},
	pages = {235128},
	file = {APS Snapshot:/Users/curtvk/Library/Application Support/Zotero/Profiles/aqe8gxl0.default/zotero/storage/W87VT9BZ/PhysRevB.84.html:text/html}
}

@article{Chen13,
	Author = {Chen, Xie and Gu, Zheng-Cheng and Liu, Zheng-Xin and Wen, Xiao-Gang},
	Doi = {10.1103/PhysRevB.87.155114},
	Issue = {15},
	Journal = {Phys. Rev. B},
	Month = {Apr},
	Numpages = {48},
	Pages = {155114},
	Publisher = {American Physical Society},
	Title = {Symmetry protected topological orders and the group cohomology of their symmetry group},
	Url = {http://link.aps.org/doi/10.1103/PhysRevB.87.155114},
	Volume = {87},
	Year = {2013},
	Bdsk-Url-1 = {http://link.aps.org/doi/10.1103/PhysRevB.87.155114},
	Bdsk-Url-2 = {http://dx.doi.org/10.1103/PhysRevB.87.155114}}

@article{Chen14,
	Author = {Chen, Xie and Burnell, Fiona J and Vishwanath, Ashvin and Fidkowski, Lukasz},
	Journal = {arXiv preprint arXiv:1403.6491},
	Title = {Anomalous Symmetry Fractionalization and Surface Topological Order},
	Year = {2014}}

@article{Chen15,
  title = {Towards Gauging Time-Reversal Symmetry: A Tensor Network Approach},
  author = {Chen, Xie and Vishwanath, Ashvin},
  journal = {Phys. Rev. X},
  volume = {5},
  issue = {4},
  pages = {041034},
  numpages = {18},
  year = {2015},
  month = {Nov},
  publisher = {American Physical Society},
  doi = {10.1103/PhysRevX.5.041034},
  url = {http://link.aps.org/doi/10.1103/PhysRevX.5.041034}
}

@article{ChenDecorated,
	Author = {Chen, Xie AND Lu, Yuan-Ming AND Vishwanath, Ashvin},
	Journal = {Nat Commun},
	Pages = {4507},
	Publisher = {Nature Publishing Group},
	Title = {Symmetry-protected topological phases from decorated domain walls},
	Url = {http://dx.doi.org/10.1038/ncomms4507},
	Volume = {5},
	Year = {2014},
	Bdsk-Url-1 = {http://dx.doi.org/10.1038/ncomms4507}
}

@article{ChenOtoc,
	title = {Out-of-time-order correlations in many-body localized and thermal phases},
	doi = {10.1002/andp.201600332},
	url = {https://doi.org/10.1002/andp.201600332},
	year = {2016},
	month = dec,
	publisher = {Wiley},
	volume = {529},
	number = {7},
	pages = {1600332},
	author = {Xiao Chen and Tianci Zhou and David A. Huse and Eduardo Fradkin},
	journal = {Annalen der Physik}
}

@article{Cheng14,
  title = {Topological Response Theory of Abelian Symmetry-Protected Topological Phases in Two Dimensions},
  author = {Cheng, Meng and Gu, Zheng-Cheng},
  journal = {Phys. Rev. Lett.},
  volume = {112},
  issue = {14},
  pages = {141602},
  numpages = {5},
  year = {2014},
  month = {Apr},
  publisher = {American Physical Society},
  doi = {10.1103/PhysRevLett.112.141602},
  url = {http://link.aps.org/doi/10.1103/PhysRevLett.112.141602}
}

@article{Choi2011,
  author={H Choi and P Jiang and M D Godfrey and W Kang and S H Simon and L N Pfeiffer and K W West and K W Baldwin},
  title={Aharonov‚ÄìBohm-like oscillations in Fabry‚ÄìPerot interferometers},
  journal={New J. Phys},
  volume={13},
  number={5},
  pages={055007},
  url={http://stacks.iop.org/1367-2630/13/i=5/a=055007},
  year={2011},
}

@article {Choi2016,
	author = {Choi, Jae-yoon and Hild, Sebastian and Zeiher, Johannes and Schau{\ss}, Peter and Rubio-Abadal, Antonio and Yefsah, Tarik and Khemani, Vedika and Huse, David A. and Bloch, Immanuel and Gross, Christian},
	title = {Exploring the many-body localization transition in two dimensions},
	volume = {352},
	number = {6293},
	pages = {1547--1552},
	year = {2016},
	doi = {10.1126/science.aaf8834},
	publisher = {American Association for the Advancement of Science},
	issn = {0036-8075},
	URL = {http://science.sciencemag.org/content/352/6293/1547},
	journal = {Science}
}

@ARTICLE{ChowdhuryON,
   author = {{Chowdhury}, D. and {Swingle}, B.},
    title = "{Onset of many-body chaos in the O (N ) model}",
  journal = {\prd},
archivePrefix = "arXiv",
   eprint = {1703.02545},
 primaryClass = "cond-mat.str-el",
     year = 2017,
    month = sep,
   volume = 96,
   number = 6,
      eid = {065005},
    pages = {065005},
      doi = {10.1103/PhysRevD.96.065005},
   adsurl = {http://adsabs.harvard.edu/abs/2017PhRvD..96f5005C},
  adsnote = {Provided by the SAO/NASA Astrophysics Data System}
}


@article{ClarkBimodal,
	title = {Bimodal entanglement entropy distribution in the many-body localization transition},
	author = {Yu, Xiongjie and Luitz, David J. and Clark, Bryan K.},
	journal = {Phys. Rev. B},
	volume = {94},
	issue = {18},
	pages = {184202},
	numpages = {12},
	year = {2016},
	month = {Nov},
	publisher = {American Physical Society},
	doi = {10.1103/PhysRevB.94.184202},
	url = {http://link.aps.org/doi/10.1103/PhysRevB.94.184202}
}


@ARTICLE{CotlerRM,
   author = {{Cotler}, J.~S. and {Gur-Ari}, G. and {Hanada}, M. and {Polchinski}, J. and 
	{Saad}, P. and {Shenker}, S.~H. and {Stanford}, D. and {Streicher}, A. and 
	{Tezuka}, M.},
    title = "{Black holes and random matrices}",
  journal = {Journal of High Energy Physics},
archivePrefix = "arXiv",
   eprint = {1611.04650},
 primaryClass = "hep-th",
 keywords = {1/N Expansion, AdS-CFT Correspondence, Field Theories in Lower Dimensions, Random Systems},
     year = 2017,
    month = may,
   volume = 5,
      eid = {118},
    pages = {118},
      doi = {10.1007/JHEP05(2017)118},
   adsurl = {http://adsabs.harvard.edu/abs/2017JHEP...05..118C},
  adsnote = {Provided by the SAO/NASA Astrophysics Data System}
}


@article{Crane93,
	Author = {Crane, Louis and Yetter, David},
	Journal = {Quantum topology},
	Number = {3},
	Pages = {120--130},
	Publisher = {World Scientific, Singapore},
	Title = {A categorical construction of 4D topological quantum field theories},
	Year = {1993}}

@article{CreutzNPB83,
	Author = {Michael Creutz and Masanori Okawa},
	Doi = {10.1016/0550-3213(83)90220-1},
	Issn = {0550-3213},
	Journal = {Nuclear Physics B},
	Number = {2},
	Pages = {149 - 166},
	Title = {Generalized actions in Zp lattice gauge theory},
	Url = {http://www.sciencedirect.com/science/article/pii/0550321383902201},
	Volume = {220},
	Year = {1983},
	Bdsk-Url-1 = {http://www.sciencedirect.com/science/article/pii/0550321383902201},
	Bdsk-Url-2 = {http://dx.doi.org/10.1016/0550-3213(83)90220-1}}


@article{CreutzZ2,
	Author = {Creutz, Michael},
	Doi = {10.1103/PhysRevD.21.1006},
	Issue = {4},
	Journal = {Phys. Rev. D},
	Month = {Feb},
	Pages = {1006--1012},
	Publisher = {American Physical Society},
	Title = {Phase diagrams for coupled spin-gauge systems},
	Url = {http://link.aps.org/doi/10.1103/PhysRevD.21.1006},
	Volume = {21},
	Year = {1980},
	Bdsk-Url-1 = {http://link.aps.org/doi/10.1103/PhysRevD.21.1006},
	Bdsk-Url-2 = {http://dx.doi.org/10.1103/PhysRevD.21.1006}}

@article{DVP,
  title = {Scaling Theory of Entanglement at the Many-Body Localization Transition},
  author = {Dumitrescu, Philipp T. and Vasseur, Romain and Potter, Andrew C.},
  journal = {Phys. Rev. Lett.},
  volume = {119},
  issue = {11},
  pages = {110604},
  numpages = {6},
  year = {2017},
  month = {Sep},
  publisher = {American Physical Society},
  doi = {10.1103/PhysRevLett.119.110604},
  url = {https://link.aps.org/doi/10.1103/PhysRevLett.119.110604}
}


@article{Deissler1984,
	title = "One-dimensional strings, random fluctuations, and complex chaotic structures",
	journal = "Physics Letters A",
	volume = "100",
	number = "9",
	pages = "451 - 454",
	year = "1984",
	issn = "0375-9601",
	doi = "https://doi.org/10.1016/0375-9601(84)90823-5",
	url = "http://www.sciencedirect.com/science/article/pii/0375960184908235",
	author = "Robert J. Deissler"
}


@article{DeisslerKaneko,
	title = "Velocity-dependent Lyapunov exponents as a measure of chaos for open-flow systems",
	journal = "Physics Letters A",
	volume = "119",
	number = "8",
	pages = "397 - 402",
	year = "1987",
	issn = "0375-9601",
	doi = "https://doi.org/10.1016/0375-9601(87)90581-0",
	url = "http://www.sciencedirect.com/science/article/pii/0375960187905810",
	author = "Robert J. Deissler and Kunihiko Kaneko"
}

@article{DeutschClosed,
	title = {Quantum statistical mechanics in a closed system},
	author = {Deutsch, J. M.},
	journal = {Phys. Rev. A},
	volume = {43},
	issue = {4},
	pages = {2046--2049},
	numpages = {0},
	year = {1991},
	month = {Feb},
	publisher = {American Physical Society},
	doi = {10.1103/PhysRevA.43.2046},
	url = {http://link.aps.org/doi/10.1103/PhysRevA.43.2046}
}

@article{Devakul15,
  title = {Early Breakdown of Area-Law Entanglement at the Many-Body Delocalization Transition},
  author = {Devakul, Trithep and Singh, Rajiv R. P.},
  journal = {Phys. Rev. Lett.},
  volume = {115},
  issue = {18},
  pages = {187201},
  numpages = {5},
  year = {2015},
  month = {Oct},
  publisher = {American Physical Society},
  doi = {10.1103/PhysRevLett.115.187201},
  url = {http://link.aps.org/doi/10.1103/PhysRevLett.115.187201}
}


@ARTICLE{DharClassicalSpinChainChaos,
	author = {{Das}, A. and {Chakrabarty}, S. and {Dhar}, A. and {Kundu}, A. and 
	{Moessner}, R. and {Sankar Ray}, S. and {Bhattacharjee}, S.},
	title = "{Light-cone spreading of perturbations and the butterfly effect in a classical spin chain}",
	journal = {ArXiv e-prints},
	archivePrefix = "arXiv",
	eprint = {1711.07505},
	primaryClass = "cond-mat.stat-mech",
	keywords = {Condensed Matter - Statistical Mechanics, Nonlinear Sciences - Chaotic Dynamics},
	year = 2017,
	month = nov,
	adsurl = {http://adsabs.harvard.edu/abs/2017arXiv171107505D},
	adsnote = {Provided by the SAO/NASA Astrophysics Data System}
}

@book{DiFrancesco,
	Author = {Di Francesco, P. and Mathieu, P. and S\'en\'echal, D.},
	Note = {See Ch. 14-16},
	Publisher = {Springer-Verlag},
	Title = {Conformal Field Theory},
	Year = {1997}
}

@article{Dijkgraaf90,
	Author = {Dijkgraaf, Robbert and Witten, Edward},
	Doi = {10.1007/BF02096988},
	Issn = {0010-3616},
	Journal = {Communications in Mathematical Physics},
	Language = {English},
	Number = {2},
	Pages = {393-429},
	Publisher = {Springer-Verlag},
	Title = {Topological gauge theories and group cohomology},
	Url = {http://dx.doi.org/10.1007/BF02096988},
	Volume = {129},
	Year = {1990},
	Bdsk-Url-1 = {http://dx.doi.org/10.1007/BF02096988}}


@ARTICLE{DoraMoessner,
   author = {{D{\'o}ra}, B. and {Moessner}, R.},
    title = "{Out-of-Time-Ordered Density Correlators in Luttinger Liquids}",
  journal = {Physical Review Letters},
archivePrefix = "arXiv",
   eprint = {1612.00614},
 primaryClass = "cond-mat.str-el",
     year = 2017,
    month = jul,
   volume = 119,
   number = 2,
      eid = {026802},
    pages = {026802},
      doi = {10.1103/PhysRevLett.119.026802},
   adsurl = {http://adsabs.harvard.edu/abs/2017PhRvL.119b6802D},
  adsnote = {Provided by the SAO/NASA Astrophysics Data System}
}


@ARTICLE{EigenstateReview,
   author = {{Parameswaran}, S.~A. and {Potter}, A.~C. and {Vasseur}, R.},
    title = "{Eigenstate phase transitions and the emergence of universal dynamics in highly excited states}",
  journal = {ArXiv e-prints},
archivePrefix = "arXiv",
   eprint = {1610.03078},
 primaryClass = "cond-mat.dis-nn",
 keywords = {Condensed Matter - Disordered Systems and Neural Networks, Condensed Matter - Statistical Mechanics, Condensed Matter - Strongly Correlated Electrons},
     year = 2016,
    month = oct,
   adsurl = {http://adsabs.harvard.edu/abs/2016arXiv161003078P},
  adsnote = {Provided by the SAO/NASA Astrophysics Data System}
}




@article{ElitzurPRD19,
	Author = {Elitzur, S. and Pearson, R. B. and Shigemitsu, J.},
	Doi = {10.1103/PhysRevD.19.3698},
	Issue = {12},
	Journal = {Phys. Rev. D},
	Month = {Jun},
	Pages = {3698--3714},
	Publisher = {American Physical Society},
	Title = {Phase structure of discrete Abelian spin and gauge systems},
	Url = {http://link.aps.org/doi/10.1103/PhysRevD.19.3698},
	Volume = {19},
	Year = {1979},
	Bdsk-Url-1 = {http://link.aps.org/doi/10.1103/PhysRevD.19.3698},
	Bdsk-Url-2 = {http://dx.doi.org/10.1103/PhysRevD.19.3698}
}

@article{Else13,
  title = {Hidden symmetry-breaking picture of symmetry-protected topological order},
  author = {Else, Dominic V. and Bartlett, Stephen D. and Doherty, Andrew C.},
  journal = {Phys. Rev. B},
  volume = {88},
  issue = {8},
  pages = {085114},
  numpages = {10},
  year = {2013},
  month = {Aug},
  publisher = {American Physical Society},
  doi = {10.1103/PhysRevB.88.085114},
  url = {http://link.aps.org/doi/10.1103/PhysRevB.88.085114}
}

@ARTICLE{Else16,
	author = {{Else}, D.~V. and {Nayak}, C.},
	title = "{On the classification of topological phases in periodically driven interacting systems}",
	journal = {ArXiv e-prints},
	archivePrefix = "arXiv",
	eprint = {1602.04804},
	primaryClass = "cond-mat.str-el",
	keywords = {Condensed Matter - Strongly Correlated Electrons, Condensed Matter - Disordered Systems and Neural Networks, Condensed Matter - Statistical Mechanics, Quantum Physics},
	year = 2016,
	month = feb,
	adsurl = {http://adsabs.harvard.edu/abs/2016arXiv160204804E},
	adsnote = {Provided by the SAO/NASA Astrophysics Data System}
}

@article{Fidkowski13a,
	Author = {Chen, Xie and Fidkowski, Lukasz and Vishwanath, Ashvin},
	Journal = {arXiv preprint arXiv:1306.3250},
	Title = {Symmetry enforced non-Abelian topological order at the surface of a topological insulator},
	Year = {2013}
}

@article{Fidkowski13b,
	Author = {Fidkowski, Lukasz and Chen, Xie and Vishwanath, Ashvin},
	Doi = {10.1103/PhysRevX.3.041016},
	Issue = {4},
	Journal = {Phys. Rev. X},
	Month = {Nov},
	Numpages = {17},
	Pages = {041016},
	Publisher = {American Physical Society},
	Title = {Non-Abelian Topological Order on the Surface of a 3D Topological Superconductor from an Exactly Solved Model},
	Url = {http://link.aps.org/doi/10.1103/PhysRevX.3.041016},
	Volume = {3},
	Year = {2013},
	Bdsk-Url-1 = {http://link.aps.org/doi/10.1103/PhysRevX.3.041016},
	Bdsk-Url-2 = {http://dx.doi.org/10.1103/PhysRevX.3.041016}
}

@article{Fidkowski13c,
	Author = {Burnell, FJ and Chen, Xie and Fidkowski, Lukasz and Vishwanath, Ashvin},
	Journal = {arXiv preprint arXiv:1302.7072},
	Title = {Exactly Soluble Model of a 3D Symmetry Protected Topological Phase of Bosons with Surface Topological Order},
	Year = {2013}
}

@article{Fisher95,
  title = {Critical behavior of random transverse-field Ising spin chains},
  author = {Fisher, Daniel S.},
  journal = {Phys. Rev. B},
  volume = {51},
  issue = {10},
  pages = {6411--6461},
  numpages = {0},
  year = {1995},
  month = {Mar},
  publisher = {American Physical Society},
  doi = {10.1103/PhysRevB.51.6411},
  url = {http://link.aps.org/doi/10.1103/PhysRevB.51.6411}
}

@article{FisherBerker,
  title = {Scaling for first-order phase transitions in thermodynamic and finite systems},
  author = {Fisher, Michael E. and Berker, A. Nihat},
  journal = {Phys. Rev. B},
  volume = {26},
  issue = {5},
  pages = {2507--2513},
  numpages = {0},
  year = {1982},
  month = {Sep},
  publisher = {American Physical Society},
  doi = {10.1103/PhysRevB.26.2507},
  url = {http://link.aps.org/doi/10.1103/PhysRevB.26.2507}
}

@article{Fradkin79,
	Author = {Fradkin, Eduardo and Shenker, Stephen H.},
	Doi = {10.1103/PhysRevD.19.3682},
	Journal = {Phys. Rev. D},
	Month = {Jun},
	Number = {12},
	Numpages = {15},
	Pages = {3682--3697},
	Publisher = {American Physical Society},
	Title = {Phase diagrams of lattice gauge theories with Higgs fields},
	Volume = {19},
	Year = {1979},
	Bdsk-Url-1 = {http://dx.doi.org/10.1103/PhysRevD.19.3682}
}

@ARTICLE{FradkinHuse,
   author = {{Chen}, X. and {Zhou}, T. and {Huse}, D.~A. and {Fradkin}, E.
	},
    title = "{Out-of-time-order correlations in many-body localized and thermal phases}",
  journal = {Annalen der Physik},
     year = 2017,
    month = jul,
   volume = 529,
    pages = {1600332},
      doi = {10.1002/andp.201600332},
   adsurl = {http://adsabs.harvard.edu/abs/2017AnP...52900332C},
  adsnote = {Provided by the SAO/NASA Astrophysics Data System}
}

@article{Freedman04,
	Author = {Michael Freedman and Chetan Nayak and Kirill Shtengel and Kevin Walker and Zhenghan Wang},
	Doi = {http://dx.doi.org/10.1016/j.aop.2004.01.006},
	Issn = {0003-4916},
	Journal = {Annals of Physics},
	Number = {2},
	Pages = {428 - 492},
	Title = {A class of P,T-invariant topological phases of interacting electrons},
	Url = {http://www.sciencedirect.com/science/article/pii/S0003491604000260},
	Volume = {310},
	Year = {2004},
	Bdsk-Url-1 = {http://www.sciencedirect.com/science/article/pii/S0003491604000260},
	Bdsk-Url-2 = {http://dx.doi.org/10.1016/j.aop.2004.01.006}}


@article{Freedman11,
	Author = {Freedman, Michael and Hastings, Matthew B. and Nayak, Chetan and Qi, Xiao-Liang and Walker, Kevin and Wang, Zhenghan},
	Doi = {10.1103/PhysRevB.83.115132},
	Issue = {11},
	Journal = {Phys. Rev. B},
	Month = {Mar},
	Numpages = {35},
	Pages = {115132},
	Publisher = {American Physical Society},
	Title = {Projective ribbon permutation statistics: A remnant of non-Abelian braiding in higher dimensions},
	Url = {http://link.aps.org/doi/10.1103/PhysRevB.83.115132},
	Volume = {83},
	Year = {2011},
	Bdsk-Url-1 = {http://link.aps.org/doi/10.1103/PhysRevB.83.115132},
	Bdsk-Url-2 = {http://dx.doi.org/10.1103/PhysRevB.83.115132}}

@Article{Gaiotto2015,
	author="Gaiotto, Davide
	and Kapustin, Anton
	and Seiberg, Nathan
	and Willett, Brian",
	title="Generalized global symmetries",
	journal="Journal of High Energy Physics",
	year="2015",
	volume="2015",
	number="2",
	pages="1--62",
	abstract="A q-form global symmetry is a global symmetry for which the charged operators are of space-time dimension q; e.g. Wilson lines, surface defects, etc., and the charged excitations have q spatial dimensions; e.g. strings, membranes, etc. Many of the properties of ordinary global symmetries (q = 0) apply here. They lead to Ward identities and hence to selection rules on amplitudes. Such global symmetries can be coupled to classical background fields and they can be gauged by summing over these classical fields. These generalized global symmetries can be spontaneously broken (either completely or to a sub-group). They can also have 't Hooft anomalies, which prevent us from gauging them, but lead to 't Hooft anomaly matching conditions. Such anomalies can also lead to anomaly inflow on various defects and exotic Symmetry Protected Topological phases. Our analysis of these symmetries gives a new unified perspective of many known phenomena and uncovers new results.",
	issn="1029-8479",
	doi="10.1007/JHEP02(2015)172",
	url="http://dx.doi.org/10.1007/JHEP02(2015)172"
}


@ARTICLE{Galitski_lyapunov,
	author = {{Rozenbaum}, E.~B. and {Ganeshan}, S. and {Galitski}, V.},
	title = "{Lyapunov Exponent and Out-of-Time-Ordered Correlator's Growth Rate in a Chaotic System}",
	journal = {Physical Review Letters},
	archivePrefix = "arXiv",
	eprint = {1609.01707},
	primaryClass = "cond-mat.dis-nn",
	year = 2017,
	month = feb,
	volume = 118,
	number = 8,
	eid = {086801},
	pages = {086801},
	doi = {10.1103/PhysRevLett.118.086801},
	adsurl = {http://adsabs.harvard.edu/abs/2017PhRvL.118h6801R},
	adsnote = {Provided by the SAO/NASA Astrophysics Data System}
}



@article{Gannot15,
	title = {Effects of {Disorder} on a 1-{D} {Floquet} {Symmetry} {Protected} {Topological} {Phase}},
	url = {http://arxiv.org/abs/1512.04190},
	abstract = {Periodically driven systems, also known as Floquet systems, can realize symmetry protected topological (SPT) phases that cannot be found in equilibrium. Here, we seek to understand the effects of strong disorder on such SPT phases, working with a one-dimensional Floquet system belonging to Altland-Zirnbauer class BDI. Using the transfer matrix method, we find that the disordered system hosts an array of trivial, topological, and Floquet topological phases. We then explore the phase diagram in the case of uniformly distributed bonds. Our analytic results are confirmed by a numeric computation of the bulk topological invariants. Although all states are generically localized, near phase transitions the localization length of topological edge states diverges. We derive the critical exponents governing these divergences, finding that they take on equilibrium values, despite the fact that we are considering phases unique to non-equilibrium. We also discuss how our work sets the stage for studying interacting Floquet SPT phases.},
	urldate = {2015-12-17},
	journal = {arXiv:1512.04190 [cond-mat]},
	author = {Gannot, Yuval},
	month = dec,
	year = {2015},
	note = {arXiv: 1512.04190},
	keywords = {Condensed Matter - Disordered Systems and Neural Networks},
	annote = {Comment: 8 pages, 2 figures},
	file = {arXiv\:1512.04190 PDF:/Users/curtvk/Library/Application Support/Zotero/Profiles/aqe8gxl0.default/zotero/storage/C7KTS2IM/Gannot - 2015 - Effects of Disorder on a 1-D Floquet Symmetry Prot.pdf:application/pdf;arXiv.org Snapshot:/Users/curtvk/Library/Application Support/Zotero/Profiles/aqe8gxl0.default/zotero/storage/8ABKIQU9/1512.html:text/html}
}

@article{Gilsetal,
	Author = {Gils, Charlotte and Trebst, Simon and Kitaev, Alexei and Ludwig, Andreas W. W. and Troyer, Matthias and Wang, Zhenghan},
	Journal = {Nature Physics},
	Note = {See also supplementary material},
	Pages = {834},
	Title = {Topology-driven quantum phase transitions in time-reversal-invariant anyonic quantum liquids},
	Volume = {5},
	Year = {2009.}}

@article{Ginsparg88,
	Author = {Ginsparg, Paul H},
	Journal = {arXiv preprint hep-th/9108028},
	Title = {Applied conformal field theory},
	Volume = {63},
	Year = {1988}}

@article{GogolinStatMech,
	doi = {10.1088/0034-4885/79/5/056001},
	url = {https://doi.org/10.1088%2F0034-4885%2F79%2F5%2F056001},
	year = 2016,
	month = {apr},
	publisher = {{IOP} Publishing},
	volume = {79},
	number = {5},
	pages = {056001},
	author = {Christian Gogolin and Jens Eisert},
	title = {Equilibration, thermalisation, and the emergence of statistical mechanics in closed quantum systems},
	journal = {Reports on Progress in Physics},
	abstract = {We review selected advances in the theoretical understanding of complex quantum many-body systems with regard to emergent notions of quantum statistical mechanics. We cover topics such as equilibration and thermalisation in pure state statistical mechanics, the eigenstate thermalisation hypothesis, the equivalence of ensembles, non-equilibration dynamics following global and local quenches as well as ramps. We also address initial state independence, absence of thermalisation, and many-body localisation. We elucidate the role played by key concepts for these phenomena, such as Lieb‚ÄìRobinson bounds, entanglement growth, typicality arguments, quantum maximum entropy principles and the generalised Gibbs ensembles, and quantum (non-)integrability. We put emphasis on rigorous approaches and present the most important results in a unified language.}
}

@article{Goldhaber76,
	Author = {Goldhaber, Alfred S.},
	Doi = {10.1103/PhysRevLett.36.1122},
	Issue = {19},
	Journal = {Phys. Rev. Lett.},
	Month = {May},
	Pages = {1122--1125},
	Publisher = {American Physical Society},
	Title = {Connection of Spin and Statistics for Charge-Monopole Composites},
	Url = {http://link.aps.org/doi/10.1103/PhysRevLett.36.1122},
	Volume = {36},
	Year = {1976},
	Bdsk-Url-1 = {http://link.aps.org/doi/10.1103/PhysRevLett.36.1122},
	Bdsk-Url-2 = {http://dx.doi.org/10.1103/PhysRevLett.36.1122}}

@article{Goldhaber89,
	Author = {Alfred S. Goldhaber and R. Mackenzie and Frank Wilczek},
	Doi = {10.1142/S0217732389000046},
	Journal = {Modern Physics Letters A},
	Number = {01},
	Pages = {21-31},
	Title = {FIELD CORRECTIONS TO INDUCED STATISTICS},
	Url = {http://www.worldscientific.com/doi/abs/10.1142/S0217732389000046},
	Volume = {04},
	Year = {1989},
	Bdsk-Url-1 = {http://www.worldscientific.com/doi/abs/10.1142/S0217732389000046},
	Bdsk-Url-2 = {http://dx.doi.org/10.1142/S0217732389000046}}

@article{Gopalakrishnan15,
  title = {Low-frequency conductivity in many-body localized systems},
  author = {Gopalakrishnan, Sarang and M\"uller, Markus and Khemani, Vedika and Knap, Michael and Demler, Eugene and Huse, David A.},
  journal = {Phys. Rev. B},
  volume = {92},
  issue = {10},
  pages = {104202},
  numpages = {11},
  year = {2015},
  month = {Sep},
  publisher = {American Physical Society},
  doi = {10.1103/PhysRevB.92.104202},
  url = {http://link.aps.org/doi/10.1103/PhysRevB.92.104202}
}

@article{GopalakrishnanGriff,
  title = {Griffiths effects and slow dynamics in nearly many-body localized systems},
  author = {Gopalakrishnan, Sarang and Agarwal, Kartiek and Demler, Eugene A. and Huse, David A. and Knap, Michael},
  journal = {Phys. Rev. B},
  volume = {93},
  issue = {13},
  pages = {134206},
  numpages = {12},
  year = {2016},
  month = {Apr},
  publisher = {American Physical Society},
  doi = {10.1103/PhysRevB.93.134206},
  url = {http://link.aps.org/doi/10.1103/PhysRevB.93.134206}
}

@article{Gromov14,
	Author = {Gromov, Andrey and Abanov, Alexander G},
	Journal = {arXiv preprint arXiv:1403.5809},
	Title = {Density-curvature response and gravitational anomaly},
	Year = {2014}}

@ARTICLE{GroverCP,
	author = {{Grover}, T.},
	title = "{Certain General Constraints on the Many-Body Localization Transition}",
	journal = {ArXiv e-prints},
	archivePrefix = "arXiv",
	eprint = {1405.1471},
	primaryClass = "cond-mat.dis-nn",
	keywords = {Condensed Matter - Disordered Systems and Neural Networks, Condensed Matter - Statistical Mechanics, Condensed Matter - Strongly Correlated Electrons, Quantum Physics},
	year = 2014,
	month = may,
	adsurl = {http://adsabs.harvard.edu/abs/2014arXiv1405.1471G},
	adsnote = {Provided by the SAO/NASA Astrophysics Data System}
}

@article{Gu14,
  title = {Symmetry-protected topological orders for interacting fermions: Fermionic topological nonlinear $\ensuremath{\sigma}$ models and a special group supercohomology theory},
  author = {Gu, Zheng-Cheng and Wen, Xiao-Gang},
  journal = {Phys. Rev. B},
  volume = {90},
  issue = {11},
  pages = {115141},
  numpages = {59},
  year = {2014},
  month = {Sep},
  publisher = {American Physical Society},
  doi = {10.1103/PhysRevB.90.115141},
  url = {http://link.aps.org/doi/10.1103/PhysRevB.90.115141}
}

@ARTICLE{GuQiStanford,
	author = {{Gu}, Y. and {Qi}, X.-L. and {Stanford}, D.},
	title = "{Local criticality, diffusion and chaos in generalized Sachdev-Ye-Kitaev models}",
	journal = {Journal of High Energy Physics},
	archivePrefix = "arXiv",
	eprint = {1609.07832},
	primaryClass = "hep-th",
	keywords = {AdS-CFT Correspondence, Holography and condensed matter physics (AdS/CMT)},
	year = 2017,
	month = may,
	volume = 5,
	eid = {125},
	pages = {125},
	doi = {10.1007/JHEP05(2017)125},
	adsurl = {http://adsabs.harvard.edu/abs/2017JHEP...05..125G},
	adsnote = {Provided by the SAO/NASA Astrophysics Data System}
}



@ARTICLE{GuQi_rcft,
   author = {{Gu}, Y. and {Qi}, X.-L.},
    title = "{Fractional statistics and the butterfly effect}",
  journal = {Journal of High Energy Physics},
archivePrefix = "arXiv",
   eprint = {1602.06543},
 primaryClass = "hep-th",
 keywords = {Anyons, Field Theories in Lower Dimensions, Topological Field Theories, Topological States of Matter},
     year = 2016,
    month = aug,
   volume = 8,
      eid = {129},
    pages = {129},
      doi = {10.1007/JHEP08(2016)129},
   adsurl = {http://adsabs.harvard.edu/abs/2016JHEP...08..129G},
  adsnote = {Provided by the SAO/NASA Astrophysics Data System}
}

@article{Gukov13,
	Author = {Gukov, Sergei and Kapustin, Anton},
	Journal = {arXiv preprint arXiv:1307.4793},
	Title = {Topological Quantum Field Theory, Nonlocal Operators, and Gapped Phases of Gauge Theories},
	Year = {2013}}

@article{Gurarie03,
  title = {Bosonic excitations in random media},
  author = {Gurarie, V. and Chalker, J. T.},
  journal = {Phys. Rev. B},
  volume = {68},
  issue = {13},
  pages = {134207},
  numpages = {19},
  year = {2003},
  month = {Oct},
  publisher = {American Physical Society},
  doi = {10.1103/PhysRevB.68.134207},
  url = {http://link.aps.org/doi/10.1103/PhysRevB.68.134207}
}


@article{HamerPRD49,
	Author = {Hamer, C. J. and Oitmaa, J. and Weihong, Zheng},
	Doi = {10.1103/PhysRevD.49.535},
	Issue = {1},
	Journal = {Phys. Rev. D},
	Month = {Jan},
	Pages = {535--542},
	Publisher = {American Physical Society},
	Title = {Strong-coupling series for Abelian lattice gauge models in 3+1 dimensions},
	Url = {http://link.aps.org/doi/10.1103/PhysRevD.49.535},
	Volume = {49},
	Year = {1994},
	Bdsk-Url-1 = {http://link.aps.org/doi/10.1103/PhysRevD.49.535},
	Bdsk-Url-2 = {http://dx.doi.org/10.1103/PhysRevD.49.535}}

@article{Hamma05,
	Author = {Hamma, Alioscia and Zanardi, Paolo and Wen, Xiao-Gang},
	Doi = {10.1103/PhysRevB.72.035307},
	Issue = {3},
	Journal = {Phys. Rev. B},
	Month = {Jul},
	Numpages = {10},
	Pages = {035307},
	Publisher = {American Physical Society},
	Title = {String and membrane condensation on three-dimensional lattices},
	Url = {http://link.aps.org/doi/10.1103/PhysRevB.72.035307},
	Volume = {72},
	Year = {2005},
	Bdsk-Url-1 = {http://link.aps.org/doi/10.1103/PhysRevB.72.035307},
	Bdsk-Url-2 = {http://dx.doi.org/10.1103/PhysRevB.72.035307}}


@article{Hansson04,
	Author = {T. H. Hansson and Vadim Oganesyan and S. L. Sondhi},
	Journal = {Annals of Physics},
	Number = {2},
	Pages = {497 - 538},
	Title = {Superconductors are topologically ordered},
	Volume = {313},
	Year = {2004}}

@ARTICLE{Harper16,
   author = {{Roy}, R. and {Harper}, F.},
    title = "{Abelian Floquet SPT Phases in 1D}",
  journal = {ArXiv e-prints},
archivePrefix = "arXiv",
   eprint = {1602.08089},
 primaryClass = "cond-mat.str-el",
 keywords = {Condensed Matter - Strongly Correlated Electrons},
     year = 2016,
    month = feb,
   adsurl = {http://adsabs.harvard.edu/abs/2016arXiv160208089R},
  adsnote = {Provided by the SAO/NASA Astrophysics Data System}
}

@article{Harris,
  title={Effect of random defects on the critical behaviour of Ising models},
  author={Harris, A Brooks},
  journal={Journal of Physics C: Solid State Physics},
  volume={7},
  number={9},
  pages={1671},
  year={1974},
  publisher={IOP Publishing}
}





@article{Hastings05,
  title = {Quasiadiabatic continuation of quantum states: The stability of topological ground-state degeneracy and emergent gauge invariance},
  author = {Hastings, M. B. and Wen, Xiao-Gang},
  journal = {Phys. Rev. B},
  volume = {72},
  issue = {4},
  pages = {045141},
  numpages = {14},
  year = {2005},
  month = {Jul},
  publisher = {American Physical Society},
  doi = {10.1103/PhysRevB.72.045141},
  url = {http://link.aps.org/doi/10.1103/PhysRevB.72.045141}
}


@article{Hastings2,
	Author = {Bravyi, S. and Hastings, M. B. and Michalakis, S.},
	Journal = {J. Math. Phys.},
	Pages = {093512},
	Title = {Topological quantum order: stability under local perturbations},
	Volume = {51},
	Year = {2010}}


@ARTICLE{HastingsSpectralGap,
	author = {{Hastings}, M.~B. and {Koma}, T.},
	title = "{Spectral Gap and Exponential Decay of Correlations}",
	journal = {Communications in Mathematical Physics},
	eprint = {math-ph/0507008},
	year = 2006,
	month = aug,
	volume = 265,
	pages = {781-804},
	doi = {10.1007/s00220-006-0030-4},
	adsurl = {http://adsabs.harvard.edu/abs/2006CMaPh.265..781H},
	adsnote = {Provided by the SAO/NASA Astrophysics Data System}
}


@ARTICLE{HaydenPreskill,
   author = {{Hayden}, P. and {Preskill}, J.},
    title = "{Black holes as mirrors: quantum information in random subsystems}",
  journal = {Journal of High Energy Physics},
archivePrefix = "arXiv",
   eprint = {0708.4025},
 primaryClass = "hep-th",
     year = 2007,
    month = sep,
   volume = 9,
      eid = {120},
    pages = {120},
      doi = {10.1088/1126-6708/2007/09/120},
   adsurl = {http://adsabs.harvard.edu/abs/2007JHEP...09..120H},
  adsnote = {Provided by the SAO/NASA Astrophysics Data System}
}


@article{Heiblum14,
	Author = {Choi, H.~K. and Sivan, I. and Rosenblatt, A. and Heiblum, M. and Umansky, V. and Mahalu, D.},
	Date-Added = {2014-09-12 01:49:16 +0000},
	Date-Modified = {2014-09-12 13:57:01 +0000},
	Journal = {forthcoming}}

@article{HornPRD19,
	Author = {Horn, D. and Weinstein, M. and Yankielowicz, S.},
	Doi = {10.1103/PhysRevD.19.3715},
	Issue = {12},
	Journal = {Phys. Rev. D},
	Month = {Jun},
	Pages = {3715--3731},
	Publisher = {American Physical Society},
	Title = {Hamiltonian approach to $Z(N)$ lattice gauge theories},
	Url = {http://link.aps.org/doi/10.1103/PhysRevD.19.3715},
	Volume = {19},
	Year = {1979},
	Bdsk-Url-1 = {http://link.aps.org/doi/10.1103/PhysRevD.19.3715},
	Bdsk-Url-2 = {http://dx.doi.org/10.1103/PhysRevD.19.3715}}


@article{Horowitz89,
	Ajournal = {Comm. Math. Phys.},
	Author = {Horowitz, Gary T.},
	Journal = {Communications in Mathematical Physics},
	Number = {3},
	Pages = {417--437},
	Publisher = {Springer},
	Title = {Exactly soluble diffeomorphism invariant theories},
	Url = {http://projecteuclid.org/euclid.cmp/1104179527},
	Volume = {125},
	Year = {1989},
	Bdsk-Url-1 = {http://projecteuclid.org/euclid.cmp/1104179527}}

@ARTICLE{HosurYoshida,
   author = {{Hosur}, P. and {Qi}, X.-L. and {Roberts}, D.~A. and {Yoshida}, B.
	},
    title = "{Chaos in quantum channels}",
  journal = {Journal of High Energy Physics},
archivePrefix = "arXiv",
   eprint = {1511.04021},
 primaryClass = "hep-th",
 keywords = {AdS-CFT Correspondence, Holography and condensed matter physics (AdS/CMT), Gauge-gravity correspondence, Random Systems},
     year = 2016,
    month = feb,
   volume = 2,
      eid = {4},
    pages = {4},
      doi = {10.1007/JHEP02(2016)004},
   adsurl = {http://adsabs.harvard.edu/abs/2016JHEP...02..004H},
  adsnote = {Provided by the SAO/NASA Astrophysics Data System}
}


@article{Hsieh093Dtopins,
	Author = {Hsieh, D. and Xia, Y. and Wray, L. and Qian, D. and Pal, A. and Dil, J. H. and Osterwalder, J. and Meier, F. and Bihlmayer, G. and Kane, C. L. and Hor, Y. S. and Cava, R. J. and Hasan, M. Z.},
	Doi = {10.1126/science.1167733},
	Eprint = {http://www.sciencemag.org/content/323/5916/919.full.pdf},
	Journal = {Science},
	Number = {5916},
	Pages = {919-922},
	Title = {Observation of Unconventional Quantum Spin Textures in Topological Insulators},
	Url = {http://www.sciencemag.org/content/323/5916/919.abstract},
	Volume = {323},
	Year = {2009},
	Bdsk-Url-1 = {http://www.sciencemag.org/content/323/5916/919.abstract},
	Bdsk-Url-2 = {http://dx.doi.org/10.1126/science.1167733}
}

@misc{HuangRenyi,
	Author = {Yichen Huang},
	Title = {Dynamics of Renyi entanglement entropy in local quantum circuits with charge conservation},
	Year = {2019},
	Eprint = {arXiv:1902.00977},
}

@article{Huse13,
  title = {Localization-protected quantum order},
  author = {Huse, David A. and Nandkishore, Rahul and Oganesyan, Vadim and Pal, Arijeet and Sondhi, S. L.},
  journal = {Phys. Rev. B},
  volume = {88},
  issue = {1},
  pages = {014206},
  numpages = {8},
  year = {2013},
  month = {Jul},
  publisher = {American Physical Society},
  url = {http://link.aps.org/doi/10.1103/PhysRevB.88.014206}
}


@article{Huse14,
  title = {Phenomenology of fully many-body-localized systems},
  author = {Huse, David A. and Nandkishore, Rahul and Oganesyan, Vadim},
  journal = {Phys. Rev. B},
  volume = {90},
  issue = {17},
  pages = {174202},
  numpages = {5},
  year = {2014},
  month = {Nov},
  publisher = {American Physical Society},
  doi = {10.1103/PhysRevB.90.174202},
  url = {http://link.aps.org/doi/10.1103/PhysRevB.90.174202}
}


@article{Iadecola15,
  title = {Stroboscopic symmetry-protected topological phases},
  author = {Iadecola, Thomas and Santos, Luiz H. and Chamon, Claudio},
  journal = {Phys. Rev. B},
  volume = {92},
  issue = {12},
  pages = {125107},
  numpages = {9},
  year = {2015},
  month = {Sep},
  publisher = {American Physical Society},
  doi = {10.1103/PhysRevB.92.125107},
  url = {http://link.aps.org/doi/10.1103/PhysRevB.92.125107}
}


@article{Imbrie14,
	title = {On {Many}-{Body} {Localization} for {Quantum} {Spin} {Chains}},
	url = {http://arxiv.org/abs/1403.7837},
	abstract = {A one-dimensional spin chain with random local interactions exhibits many-body localization. The proof depends on a physically reasonable assumption that limits the amount of level attraction in the system. The construction uses a sequence of local unitary transformations to diagonalize the Hamiltonian and connect the exact many-body eigenfunctions to the original basis vectors.},
	urldate = {2016-01-22},
	journal = {arXiv:1403.7837 [cond-mat, physics:math-ph]},
	author = {Imbrie, John Z.},
	month = mar,
	year = {2014},
	note = {arXiv: 1403.7837},
	keywords = {82D30, 60K35, 82B44, 82D30, Condensed Matter - Disordered Systems and Neural Networks, Mathematical Physics, Mathematics - Probability},
	annote = {Comment: 59 pages, 4 figures, improvements with additional detail added in a number of places; Appendices include an index of notation and definitions; many minor corrections and clarifications},
	file = {arXiv\:1403.7837 PDF:/Users/curtvk/Library/Application Support/Zotero/Profiles/aqe8gxl0.default/zotero/storage/3Z6XCVT9/Imbrie - 2014 - On Many-Body Localization for Quantum Spin Chains.pdf:application/pdf;arXiv.org Snapshot:/Users/curtvk/Library/Application Support/Zotero/Profiles/aqe8gxl0.default/zotero/storage/SD3WJXDC/1403.html:text/html}
}

@Article{Imbrie2016,
author="Imbrie, John Z.",
title="On Many-Body Localization for Quantum Spin Chains",
journal="Journal of Statistical Physics",
year="2016",
volume="163",
number="5",
pages="998--1048",
abstract="For a one-dimensional spin chain with random local interactions, we prove that many-body localization follows from a physically reasonable assumption that limits the amount of level attraction in the system. The construction uses a sequence of local unitary transformations to diagonalize the Hamiltonian and connect the exact many-body eigenfunctions to the original basis vectors.",
issn="1572-9613",
doi="10.1007/s10955-016-1508-x",
url="http://dx.doi.org/10.1007/s10955-016-1508-x"
}

@article{Ising4DMC,
	Author = {E Sanchez-Velasco},
	Journal = {Journal of Physics A: Mathematical and General},
	Number = {14},
	Pages = {5033},
	Title = {A finite-size scaling study of the 4D Ising model},
	Url = {http://stacks.iop.org/0305-4470/20/i=14/a=041},
	Volume = {20},
	Year = {1987},
	Bdsk-Url-1 = {http://stacks.iop.org/0305-4470/20/i=14/a=041}}

@article{IyerQP,
  title = {Many-body localization in a quasiperiodic system},
  author = {Iyer, Shankar and Oganesyan, Vadim and Refael, Gil and Huse, David A.},
  journal = {Phys. Rev. B},
  volume = {87},
  issue = {13},
  pages = {134202},
  numpages = {15},
  year = {2013},
  month = {Apr},
  publisher = {American Physical Society},
  doi = {10.1103/PhysRevB.87.134202},
  url = {http://link.aps.org/doi/10.1103/PhysRevB.87.134202}
}
	
@article{Jackiw76,
	Author = {Jackiw, R. and Rebbi, C.},
	Doi = {10.1103/PhysRevLett.37.172},
	Issue = {3},
	Journal = {Phys. Rev. Lett.},
	Month = {Jul},
	Numpages = {0},
	Pages = {172--175},
	Publisher = {American Physical Society},
	Title = {Vacuum Periodicity in a Yang-Mills Quantum Theory},
	Url = {http://link.aps.org/doi/10.1103/PhysRevLett.37.172},
	Volume = {37},
	Year = {1976},
	Bdsk-Url-1 = {http://link.aps.org/doi/10.1103/PhysRevLett.37.172},
	Bdsk-Url-2 = {http://dx.doi.org/10.1103/PhysRevLett.37.172}}

@article{Jiang11,
	title = {Majorana {Fermions} in {Equilibrium} and in {Driven} {Cold}-{Atom} {Quantum} {Wires}},
	volume = {106},
	url = {http://link.aps.org/doi/10.1103/PhysRevLett.106.220402},
	doi = {10.1103/PhysRevLett.106.220402},
	abstract = {We introduce a new approach to create and detect Majorana fermions using optically trapped 1D fermionic atoms. In our proposed setup, two internal states of the atoms couple via an optical Raman transition‚Äîsimultaneously inducing an effective spin-orbit interaction and magnetic field‚Äîwhile a background molecular BEC cloud generates s-wave pairing for the atoms. The resulting cold-atom quantum wire supports Majorana fermions at phase boundaries between topologically trivial and nontrivial regions, as well as ‚ÄúFloquet Majorana fermions‚Äù when the system is periodically driven. We analyze experimental parameters, detection schemes, and various imperfections.},
	number = {22},
	urldate = {2016-01-13},
	journal = {Phys. Rev. Lett.},
	author = {Jiang, Liang and Kitagawa, Takuya and Alicea, Jason and Akhmerov, A. R. and Pekker, David and Refael, Gil and Cirac, J. Ignacio and Demler, Eugene and Lukin, Mikhail D. and Zoller, Peter},
	month = jun,
	year = {2011},
	pages = {220402},
	file = {APS Snapshot:/Users/curtvk/Library/Application Support/Zotero/Profiles/aqe8gxl0.default/zotero/storage/A6STD987/PhysRevLett.106.html:text/html;Full Text PDF:/Users/curtvk/Library/Application Support/Zotero/Profiles/aqe8gxl0.default/zotero/storage/QNB4SZEW/Jiang et al. - 2011 - Majorana Fermions in Equilibrium and in Driven Col.pdf:application/pdf}
}

@article{JonayEntanglement,
	journal = {Coarse-grained dynamics of operator and state entanglement},
	author = {Jonay, C. and Huse, D.A. and Nahum, A.},
	eprint = {  1803.00089}
}

@article{KPZ_2d_exponent,
  title = {Numerical estimate of the Kardar-Parisi-Zhang universality class in (2+1) dimensions},
  author = {Pagnani, Andrea and Parisi, Giorgio},
  journal = {Phys. Rev. E},
  volume = {92},
  issue = {1},
  pages = {010101},
  numpages = {4},
  year = {2015},
  month = {Jul},
  publisher = {American Physical Society},
  doi = {10.1103/PhysRevE.92.010101},
  url = {https://link.aps.org/doi/10.1103/PhysRevE.92.010101}
}

@ARTICLE{KPZcocktail,
   author = {{Halpin-Healy}, T. and {Takeuchi}, K.~A.},
    title = "{A KPZ Cocktail-Shaken, not Stirred...}",
  journal = {Journal of Statistical Physics},
archivePrefix = "arXiv",
   eprint = {1505.01910},
 primaryClass = "cond-mat.stat-mech",
 keywords = {Nonequilibrium growth, Extremal paths, Universal limit distributions},
     year = 2015,
    month = aug,
   volume = 160,
    pages = {794-814},
      doi = {10.1007/s10955-015-1282-1},
   adsurl = {http://adsabs.harvard.edu/abs/2015JSP...160..794H},
  adsnote = {Provided by the SAO/NASA Astrophysics Data System}
}

@article{Kane97,
	Author = {Kane, C. L. and Fisher, Matthew P. A.},
	Doi = {10.1103/PhysRevB.55.15832},
	Issue = {23},
	Journal = {Phys. Rev. B},
	Month = {Jun},
	Numpages = {0},
	Pages = {15832--15837},
	Publisher = {American Physical Society},
	Title = {Quantized thermal transport in the fractional quantum Hall effect},
	Url = {http://link.aps.org/doi/10.1103/PhysRevB.55.15832},
	Volume = {55},
	Year = {1997},
	Bdsk-Url-1 = {http://link.aps.org/doi/10.1103/PhysRevB.55.15832},
	Bdsk-Url-2 = {http://dx.doi.org/10.1103/PhysRevB.55.15832}
}

@article{Kaneko1986,
	title = "Lyapunov analysis and information flow in coupled map lattices",
	journal = "Physica D: Nonlinear Phenomena",
	volume = "23",
	number = "1",
	pages = "436 - 447",
	year = "1986",
	issn = "0167-2789",
	doi = "https://doi.org/10.1016/0167-2789(86)90149-1",
	url = "http://www.sciencedirect.com/science/article/pii/0167278986901491",
	author = "Kunihiko Kaneko"
}

@article{KanekoPropagation,
	title={Propagation of disturbance, co-moving Lyapunov exponent and path summation},
	author={Kaneko, Kunihiko},
	journal={Physics Letters A},
	volume={170},
	number={3},
	pages={210--216},
	year={1992},
	publisher={Elsevier}
}

@article{Kang11,
	Author = {An, Sanghun and Jiang, P and Choi, H and Kang, W and Simon, SH and Pfeiffer, LN and West, KW and Baldwin, KW},
	Journal = {arXiv preprint arXiv:1112.3400},
	Title = {Braiding of Abelian and Non-Abelian Anyons in the Fractional Quantum Hall Effect},
	Year = {2011}
}

@article{Kaplan92,
	Author = {David B. Kaplan},
	Doi = {http://dx.doi.org/10.1016/0370-2693(92)91112-M},
	Issn = {0370-2693},
	Journal = {Physics Letters B},
	Number = {3--4},
	Pages = {342 - 347},
	Title = {A method for simulating chiral fermions on the lattice},
	Url = {http://www.sciencedirect.com/science/article/pii/037026939291112M},
	Volume = {288},
	Year = {1992},
	Bdsk-Url-1 = {http://www.sciencedirect.com/science/article/pii/037026939291112M},
	Bdsk-Url-2 = {http://dx.doi.org/10.1016/0370-2693(92)91112-M}
}

@article{Kapustin13a,
	Author = {Kapustin, Anton and Thorngren, Ryan},
	Journal = {arXiv preprint arXiv:1308.2926},
	Title = {Topological Field Theory on a Lattice, Discrete Theta-Angles and Confinement},
	Year = {2013}
}

@article{Kapustin13b,
	Author = {Kapustin, Anton and Thorngren, Ryan},
	Journal = {arXiv preprint arXiv:1309.4721},
	Title = {Higher symmetry and gapped phases of gauge theories},
	Year = {2013}
}

@article{KapustinCobordism,
	title={Symmetry Protected Topological Phases, Anomalies, and Cobordisms: Beyond Group Cohomology},
	author={Kapustin, Anton},
	journal={arXiv preprint arXiv:1403.1467},
	year={2014}
}

@ARTICLE{KaufmanEntanglement,
   author = {{Kaufman}, A.~M. and {Tai}, M.~E. and {Lukin}, A. and {Rispoli}, M. and 
	{Schittko}, R. and {Preiss}, P.~M. and {Greiner}, M.},
    title = "{Quantum thermalization through entanglement in an isolated many-body system}",
  journal = {Science},
archivePrefix = "arXiv",
   eprint = {1603.04409},
 primaryClass = "quant-ph",
     year = 2016,
    month = aug,
   volume = 353,
    pages = {794-800},
      doi = {10.1126/science.aaf6725},
   adsurl = {http://adsabs.harvard.edu/abs/2016Sci...353..794K},
  adsnote = {Provided by the SAO/NASA Astrophysics Data System}
}

@ARTICLE{Khemani15,
   author = {{Khemani}, V. and {Lazarides}, A. and {Moessner}, R. and {Sondhi}, S.~L.
	},
    title = "{Phase Structure of Driven Quantum Systems}",
  journal = {Physical Review Letters},
archivePrefix = "arXiv",
   eprint = {1508.03344},
 primaryClass = "cond-mat.dis-nn",
     year = 2016,
    month = jun,
   volume = 116,
   number = 25,
      eid = {250401},
    pages = {250401},
      doi = {10.1103/PhysRevLett.116.250401},
   adsurl = {http://adsabs.harvard.edu/abs/2016PhRvL.116y0401K},
  adsnote = {Provided by the SAO/NASA Astrophysics Data System}
}

@article{KhemaniCP,
  title = {Critical Properties of the Many-Body Localization Transition},
  author = {Khemani, Vedika and Lim, S. P. and Sheng, D. N. and Huse, David A.},
  journal = {Phys. Rev. X},
  volume = {7},
  issue = {2},
  pages = {021013},
  numpages = {11},
  year = {2017},
  month = {Apr},
  publisher = {American Physical Society},
  doi = {10.1103/PhysRevX.7.021013},
  url = {https://link.aps.org/doi/10.1103/PhysRevX.7.021013}
}

@article{KhemaniCPQP,
  title = {Two Universality Classes for the Many-Body Localization Transition},
  author = {Khemani, Vedika and Sheng, D. N. and Huse, David A.},
  journal = {Phys. Rev. Lett.},
  volume = {119},
  issue = {7},
  pages = {075702},
  numpages = {6},
  year = {2017},
  month = {Aug},
  publisher = {American Physical Society},
  doi = {10.1103/PhysRevLett.119.075702},
  url = {https://link.aps.org/doi/10.1103/PhysRevLett.119.075702}
}

@article{KhemaniDMRGX,
  title = {Obtaining Highly Excited Eigenstates of Many-Body Localized Hamiltonians by the Density Matrix Renormalization Group Approach},
  author = {Khemani, Vedika and Pollmann, Frank and Sondhi, S. L.},
  journal = {Phys. Rev. Lett.},
  volume = {116},
  issue = {24},
  pages = {247204},
  numpages = {5},
  year = {2016},
  month = {Jun},
  publisher = {American Physical Society},
  url = {http://link.aps.org/doi/10.1103/PhysRevLett.116.247204}
}

@article{KhemaniLambda,
	doi = {10.1103/physrevb.98.144304},
	url = {https://doi.org/10.1103/physrevb.98.144304},
	year  = {2018},
	month = {oct},
	publisher = {American Physical Society ({APS})},
	volume = {98},
	number = {14},
	author = {Vedika Khemani and David A. Huse and Adam Nahum},
	title = {Velocity-dependent Lyapunov exponents in many-body quantum,  semiclassical,  and classical chaos},
	journal = {Physical Review B}
}

@ARTICLE{KhemaniOpSp,
	author = {{Khemani}, V. and {Vishwanath}, A. and {Huse}, D.~A.},
	title = "{Operator spreading and the emergence of dissipation in unitary dynamics with conservation laws}",
	journal = {ArXiv e-prints},
	archivePrefix = "arXiv",
	eprint = {1710.09835},
	primaryClass = "cond-mat.stat-mech",
	keywords = {Condensed Matter - Statistical Mechanics, Condensed Matter - Strongly Correlated Electrons, High Energy Physics - Theory, Quantum Physics},
	year = 2017,
	month = oct,
}

@article{KimETH,
	title = {Testing whether all eigenstates obey the eigenstate thermalization hypothesis},
	doi = {10.1103/physreve.90.052105},
	url = {https://doi.org/10.1103/physreve.90.052105},
	year = {2014},
	month = nov,
	publisher = {American Physical Society ({APS})},
	volume = {90},
	number = {5},
	author = {Hyungwon Kim and Tatsuhiko N. Ikeda and David A. Huse},
	journal = {Physical Review E}
}

@article{KimHuse,
  title = {Ballistic Spreading of Entanglement in a Diffusive Nonintegrable System},
  author = {Kim, Hyungwon and Huse, David A.},
  journal = {Phys. Rev. Lett.},
  volume = {111},
  issue = {12},
  pages = {127205},
  numpages = {5},
  year = {2013},
  month = {Sep},
  publisher = {American Physical Society},
  doi = {10.1103/PhysRevLett.111.127205},
  url = {https://link.aps.org/doi/10.1103/PhysRevLett.111.127205}
}

@article{Kitaev03,
	Author = {Kitaev, Alexei Yu},
	Journal = {Annals of Physics},
	Pages = {2-30},
	Title = {Fault-tolerant quantum computation by anyons},
	Volume = {303},
	Year = {2003}}


@article{Kitaev06,
	Author = {Kitaev, A. Yu.},
	Journal = {Annals of Physics},
	Pages = {2-111},
	Title = {Anyons in an exactly solved model and beyond},
	Tnote = {cond-mat/0506438},
	Volume = {321},
	Year = {2006}
}

@article{Kitaev11,
  title = {Topological phases of fermions in one dimension},
  author = {Fidkowski, Lukasz and Kitaev, Alexei},
  journal = {Phys. Rev. B},
  volume = {83},
  issue = {7},
  pages = {075103},
  numpages = {13},
  year = {2011},
  month = {Feb},
  publisher = {American Physical Society},
  doi = {10.1103/PhysRevB.83.075103},
  url = {http://link.aps.org/doi/10.1103/PhysRevB.83.075103}
}

@ARTICLE{KitaevSYK,
   author = {{Kitaev}, A},
    title = "{A simple model of quantum holography}",
  journal = {Talks at KITP, April 7,
2015 and May 27, 2015.},
      doi = {http://online.kitp.ucsb.edu/online/entangled15/kitaev/,http:
//online.kitp.ucsb.edu/online/entangled15/kitaev2/},
}

@article{Kitagawa10,
	title = {Topological characterization of periodically driven quantum systems},
	volume = {82},
	url = {http://link.aps.org/doi/10.1103/PhysRevB.82.235114},
	doi = {10.1103/PhysRevB.82.235114},
	abstract = {Topological properties of physical systems can lead to robust behaviors that are insensitive to microscopic details. Such topologically robust phenomena are not limited to static systems but can also appear in driven quantum systems. In this paper, we show that the Floquet operators of periodically driven systems can be divided into topologically distinct (homotopy) classes and give a simple physical interpretation of this classification in terms of the spectra of Floquet operators. Using this picture, we provide an intuitive understanding of the well-known phenomenon of quantized adiabatic pumping. Systems whose Floquet operators belong to the trivial class simulate the dynamics generated by time-independent Hamiltonians, which can be topologically classified according to the schemes developed for static systems. We demonstrate these principles through an example of a periodically driven two-dimensional hexagonal lattice tight-binding model which exhibits several topological phases. Remarkably, one of these phases supports chiral edge modes even though the bulk is topologically trivial.},
	number = {23},
	urldate = {2016-01-13},
	journal = {Phys. Rev. B},
	author = {Kitagawa, Takuya and Berg, Erez and Rudner, Mark and Demler, Eugene},
	month = dec,
	year = {2010},
	pages = {235114},
	file = {APS Snapshot:/Users/curtvk/Library/Application Support/Zotero/Profiles/aqe8gxl0.default/zotero/storage/5DA5CFEN/PhysRevB.82.html:text/html;Full Text PDF:/Users/curtvk/Library/Application Support/Zotero/Profiles/aqe8gxl0.default/zotero/storage/TUGWKF25/Kitagawa et al. - 2010 - Topological characterization of periodically drive.pdf:application/pdf}
}


@article{Kjall14,
  title = {Many-Body Localization in a Disordered Quantum Ising Chain},
  author = {Kj\"all, Jonas A. and Bardarson, Jens H. and Pollmann, Frank},
  journal = {Phys. Rev. Lett.},
  volume = {113},
  issue = {10},
  pages = {107204},
  numpages = {5},
  year = {2014},
  month = {Sep},
  publisher = {American Physical Society},
  doi = {10.1103/PhysRevLett.113.107204},
  url = {http://link.aps.org/doi/10.1103/PhysRevLett.113.107204}
}

@ARTICLE{KnapScrambling,
   author = {{Bohrdt}, A. and {Mendl}, C.~B. and {Endres}, M. and {Knap}, M.
	},
    title = "{Scrambling and thermalization in a diffusive quantum many-body system}",
  journal = {New Journal of Physics},
archivePrefix = "arXiv",
   eprint = {1612.02434},
 primaryClass = "cond-mat.quant-gas",
     year = 2017,
    month = jun,
   volume = 19,
   number = 6,
      eid = {063001},
    pages = {063001},
      doi = {10.1088/1367-2630/aa719b},
   adsurl = {http://adsabs.harvard.edu/abs/2017NJPh...19f3001B},
  adsnote = {Provided by the SAO/NASA Astrophysics Data System}
}

@ARTICLE{KolokolovKPZtails,
   author = {{Kolokolov}, I.~V. and {Korshunov}, S.~E.},
    title = "{Universal and nonuniversal tails of distribution functions in the directed polymer and Kardar-Parisi-Zhang problems}",
  journal = {\prb},
archivePrefix = "arXiv",
   eprint = {0805.0402},
 primaryClass = "cond-mat.dis-nn",
 keywords = {Spin-glass and other random models, Classical statistical mechanics, Random phenomena and media, Vortex lattices flux pinning flux creep},
     year = 2008,
    month = jul,
   volume = 78,
   number = 2,
      eid = {024206},
    pages = {024206},
      doi = {10.1103/PhysRevB.78.024206},
   adsurl = {http://adsabs.harvard.edu/abs/2008PhRvB..78b4206K},
  adsnote = {Provided by the SAO/NASA Astrophysics Data System}
}

@article{Kondov2015,
  title = {Disorder-Induced Localization in a Strongly Correlated Atomic Hubbard Gas},
  author = {Kondov, S. S. and McGehee, W. R. and Xu, W. and DeMarco, B.},
  journal = {Phys. Rev. Lett.},
  volume = {114},
  issue = {8},
  pages = {083002},
  numpages = {5},
  year = {2015},
  month = {Feb},
  publisher = {American Physical Society},
  url = {http://link.aps.org/doi/10.1103/PhysRevLett.114.083002}
}

@article{Konig072Dtopins,
	Author = {K\"{o}nig, Markus and Wiedmann, Steffen and Br{\"u}ne, Christoph and Roth, Andreas and Buhmann, Hartmut and Molenkamp, Laurens W. and Qi, Xiao-Liang and Zhang, Shou-Cheng},
	Doi = {10.1126/science.1148047},
	Eprint = {http://www.sciencemag.org/content/318/5851/766.full.pdf},
	Journal = {Science},
	Number = {5851},
	Pages = {766-770},
	Title = {Quantum Spin Hall Insulator State in HgTe Quantum Wells},
	Url = {http://www.sciencemag.org/content/318/5851/766.abstract},
	Volume = {318},
	Year = {2007},
	Bdsk-Url-1 = {http://www.sciencemag.org/content/318/5851/766.abstract},
	Bdsk-Url-2 = {http://dx.doi.org/10.1126/science.1148047}
}

@article{KrugSolids,
	title={in `Solids far from Equilibrium'},
	author={Krug, J and Spohn, H and Godr{\`e}che, C},
	journal={Solids far from equilibrium},
	year={1991},
	publisher={Cambridge University Press Cambridge}
}

@article{LWTO,
	Author = {Levin, Michael and Nave, Cody P.},
	Doi = {10.1103/PhysRevLett.99.120601},
	Issue = {12},
	Journal = {Phys. Rev. Lett.},
	Month = {Sep},
	Numpages = {4},
	Pages = {120601},
	Publisher = {American Physical Society},
	Title = {Tensor Renormalization Group Approach to Two-Dimensional Classical Lattice Models},
	Url = {http://link.aps.org/doi/10.1103/PhysRevLett.99.120601},
	Volume = {99},
	Year = {2007},
	Bdsk-Url-1 = {http://link.aps.org/doi/10.1103/PhysRevLett.99.120601},
	Bdsk-Url-2 = {http://dx.doi.org/10.1103/PhysRevLett.99.120601}
}

@ARTICLE{Larkinotoc,
   author = {{Larkin}, A.~I. and {Ovchinnikov}, Y.~N.},
    title = "{Quasiclassical Method in the Theory of Superconductivity}",
  journal = {Soviet Journal of Experimental and Theoretical Physics},
     year = 1969,
    month = jun,
   volume = 28,
    pages = {1200},
   adsurl = {http://adsabs.harvard.edu/abs/1969JETP...28.1200L},
  adsnote = {Provided by the SAO/NASA Astrophysics Data System}
}

@ARTICLE{Lashkari,
   author = {{Lashkari}, N. and {Stanford}, D. and {Hastings}, M. and {Osborne}, T. and 
	{Hayden}, P.},
    title = "{Towards the fast scrambling conjecture}",
  journal = {Journal of High Energy Physics},
archivePrefix = "arXiv",
   eprint = {1111.6580},
 primaryClass = "hep-th",
 keywords = {Lattice Integrable Models, M(atrix) Theories, Black Holes, Quantum Dissipative Systems},
     year = 2013,
    month = apr,
   volume = 4,
      eid = {22},
    pages = {22},
      doi = {10.1007/JHEP04(2013)022},
   adsurl = {http://adsabs.harvard.edu/abs/2013JHEP...04..022L},
  adsnote = {Provided by the SAO/NASA Astrophysics Data System}
}

@article{Lazarides14,
  title = {Fate of Many-Body Localization Under Periodic Driving},
  author = {Lazarides, Achilleas and Das, Arnab and Moessner, Roderich},
  journal = {Phys. Rev. Lett.},
  volume = {115},
  issue = {3},
  pages = {030402},
  numpages = {5},
  year = {2015},
  month = {Jul},
  publisher = {American Physical Society},
  doi = {10.1103/PhysRevLett.115.030402},
  url = {http://link.aps.org/doi/10.1103/PhysRevLett.115.030402}
}


@article{LazaridesPGGE,
  title = {Periodic Thermodynamics of Isolated Quantum Systems},
  author = {Lazarides, Achilleas and Das, Arnab and Moessner, Roderich},
  journal = {Phys. Rev. Lett.},
  volume = {112},
  issue = {15},
  pages = {150401},
  numpages = {5},
  year = {2014},
  month = {Apr},
  publisher = {American Physical Society},
  doi = {10.1103/PhysRevLett.112.150401},
  url = {https://link.aps.org/doi/10.1103/PhysRevLett.112.150401}
}


@article{Lee07,
	Author = {Lee, Sung-Sik and Ryu, Shinsei and Nayak, Chetan and Fisher, Matthew P. A.},
	Doi = {10.1103/PhysRevLett.99.236807},
	Issue = {23},
	Journal = {Phys. Rev. Lett.},
	Month = {Dec},
	Numpages = {4},
	Pages = {236807},
	Publisher = {American Physical Society},
	Title = {Particle-Hole Symmetry and the $\nu${}=52 Quantum Hall State},
	Url = {http://link.aps.org/doi/10.1103/PhysRevLett.99.236807},
	Volume = {99},
	Year = {2007},
	Bdsk-Url-1 = {http://link.aps.org/doi/10.1103/PhysRevLett.99.236807},
	Bdsk-Url-2 = {http://dx.doi.org/10.1103/PhysRevLett.99.236807}}


@article{Levin05,
	Author = {Levin, Michal A. and Wen, Xiao-Gang},
	Journal = {Phys. Rev. B},
	Pages = {045110},
	Publisher = {American Physical Society},
	Title = {String-net condensation: A physical mechanism for topological phases},
	Volume = {71},
	Year = {2005}}

@article{Levin06,
	Author = {Levin, Michael and Wen, Xiao-Gang},
	Journal = {Phys. Rev. Lett.},
	Number = {11},
	Pages = {110405},
	Publisher = {APS},
	Title = {Detecting topological order in a ground state wave function},
	Volume = {96},
	Year = {2006}}




@article{Levin07,
	Author = {Levin, Michael and Halperin, Bertrand I. and Rosenow, Bernd},
	Doi = {10.1103/PhysRevLett.99.236806},
	Issue = {23},
	Journal = {Phys. Rev. Lett.},
	Month = {Dec},
	Numpages = {4},
	Pages = {236806},
	Publisher = {American Physical Society},
	Title = {Particle-Hole Symmetry and the Pfaffian State},
	Url = {http://link.aps.org/doi/10.1103/PhysRevLett.99.236806},
	Volume = {99},
	Year = {2007},
	Bdsk-Url-1 = {http://link.aps.org/doi/10.1103/PhysRevLett.99.236806},
	Bdsk-Url-2 = {http://dx.doi.org/10.1103/PhysRevLett.99.236806}}

@article{Levin11,
	Author = {Levin, Michael and Burnell, F. J. and Koch-Janusz, Maciej and Stern, Ady},
	Doi = {10.1103/PhysRevB.84.235145},
	Issue = {23},
	Journal = {Phys. Rev. B},
	Month = {Dec},
	Numpages = {26},
	Pages = {235145},
	Publisher = {American Physical Society},
	Title = {Exactly soluble models for fractional topological insulators in two and three dimensions},
	Url = {http://link.aps.org/doi/10.1103/PhysRevB.84.235145},
	Volume = {84},
	Year = {2011},
	Bdsk-Url-1 = {http://link.aps.org/doi/10.1103/PhysRevB.84.235145},
	Bdsk-Url-2 = {http://dx.doi.org/10.1103/PhysRevB.84.235145}}


@article{Levin12,
	Author = {Levin, Michael and Gu, Zheng-Cheng},
	Doi = {10.1103/PhysRevB.86.115109},
	Issue = {11},
	Journal = {Phys. Rev. B},
	Month = {Sep},
	Numpages = {15},
	Pages = {115109},
	Publisher = {American Physical Society},
	Title = {Braiding statistics approach to symmetry-protected topological phases},
	Url = {http://link.aps.org/doi/10.1103/PhysRevB.86.115109},
	Volume = {86},
	Year = {2012},
	Bdsk-Url-1 = {http://link.aps.org/doi/10.1103/PhysRevB.86.115109},
	Bdsk-Url-2 = {http://dx.doi.org/10.1103/PhysRevB.86.115109}}

@article{Lieb72,
	author="Lieb, Elliott H.
	and Robinson, Derek W.",
	title="The finite group velocity of quantum spin systems",
	journal="Communications in Mathematical Physics",
	volume="28",
	number="3",
	pages="251--257",
	abstract="It is shown that if $\Phi$ is a finite range interaction of a quantum spin system,$\tau$                t                $\Phi$ the associated group of time translations, $\tau$                  x                 the group of space translations, andA, B local observables, then                                                                          \$\${\backslash}mathop \{{\backslash}lim \}{\backslash}limits\_\{{\backslash}begin\{array\}\{*\{20\}c\}   \{|t| {\backslash}to {\backslash}infty \}  {\backslash}{\backslash}   \{|x| > {\backslash}upsilon |t|\}  {\backslash}{\backslash} {\backslash}end\{array\} \} ||[{\backslash}tau \_t^{\backslash}Phi  {\backslash}tau \_x (A),B]||e^\{{\backslash}mu ({\backslash}upsilon )t\}  = 0\$\$                 whenever v is sufficiently large (v>V$\Phi$) where $\mu$(v)>0. The physical content of the statement is that information can propagate in the system only with a finite group velocity.",
	issn="1432-0916",
	doi="10.1007/BF01645779",
	url="http://dx.doi.org/10.1007/BF01645779"
}


@article{LimSheng,
  title = {Many-body localization and transition by density matrix renormalization group and exact diagonalization studies},
  author = {Lim, S. P. and Sheng, D. N.},
  journal = {Phys. Rev. B},
  volume = {94},
  issue = {4},
  pages = {045111},
  numpages = {8},
  year = {2016},
  month = {Jul},
  publisher = {American Physical Society},
  doi = {10.1103/PhysRevB.94.045111},
  url = {http://link.aps.org/doi/10.1103/PhysRevB.94.045111}
}
@article{Lin14,
	Author = {Lin, Chien-Hung and Levin, Michael},
	Journal = {arXiv preprint arXiv:1402.4081},
	Title = {Generalizations and limitations of string-net models},
	Year = {2014}}

@article{Lindner11,
	title = {Floquet topological insulator in semiconductor quantum wells},
	volume = {7},
	copyright = {¬© 2011 Nature Publishing Group},
	issn = {1745-2473},
	url = {http://www.nature.com/nphys/journal/v7/n6/full/nphys1926.html},
	doi = {10.1038/nphys1926},
	abstract = {Topological phases of matter have captured our imagination over the past few years, with tantalizing properties such as robust edge modes and exotic non-Abelian excitations, and potential applications ranging from semiconductor spintronics to topological quantum computation. Despite recent advancements in the field, our ability to control topological transitions remains limited, and usually requires changing material or structural properties. We show, using Floquet theory, that a topological state can be induced in a semiconductor quantum well, initially in the trivial phase. This can be achieved by irradiation with microwave frequencies, without changing the well structure, closing the gap and crossing the phase transition. We show that the quasi-energy spectrum exhibits a single pair of helical edge states. We discuss the necessary experimental parameters for our proposal. This proposal provides an example and a proof of principle of a new non-equilibrium topological state, the Floquet topological insulator, introduced in this paper.},
	language = {en},
	number = {6},
	urldate = {2016-02-03},
	journal = {Nature Physics},
	author = {Lindner, Netanel H. and Refael, Gil and Galitski, Victor},
	month = jun,
	year = {2011},
	pages = {490--495},
	file = {Snapshot:/Users/curtvk/Library/Application Support/Zotero/Profiles/aqe8gxl0.default/zotero/storage/2CQ8JEZ8/nphys1926.html:text/html}
}

@ARTICLE{LocalizedShocks,
   author = {{Roberts}, D.~A. and {Stanford}, D. and {Susskind}, L.},
    title = "{Localized shocks}",
  journal = {Journal of High Energy Physics},
archivePrefix = "arXiv",
   eprint = {1409.8180},
 primaryClass = "hep-th",
 keywords = {Gauge-gravity correspondence, AdS-CFT Correspondence, Black Holes},
     year = 2015,
    month = mar,
   volume = 3,
      eid = {51},
    pages = {51},
      doi = {10.1007/JHEP03(2015)051},
   adsurl = {http://adsabs.harvard.edu/abs/2015JHEP...03..051R},
  adsnote = {Provided by the SAO/NASA Astrophysics Data System}
}

@article{Luck,
  title={A classification of critical phenomena on quasi-crystals and other aperiodic structures},
  author={Luck, JM},
  journal={EPL (Europhysics Letters)},
  volume={24},
  number={5},
  pages={359},
  year={1993},
  publisher={IOP Publishing}
}

@article{Luitz15,
  title = {Many-body localization edge in the random-field Heisenberg chain},
  author = {Luitz, David J. and Laflorencie, Nicolas and Alet, Fabien},
  journal = {Phys. Rev. B},
  volume = {91},
  issue = {8},
  pages = {081103},
  numpages = {5},
  year = {2015},
  month = {Feb},
  publisher = {American Physical Society},
  doi = {10.1103/PhysRevB.91.081103},
  url = {http://link.aps.org/doi/10.1103/PhysRevB.91.081103}
}

@ARTICLE{LuitzScrambling,
   author = {{Luitz}, D.~J. and {Bar Lev}, Y.},
    title = "{Information propagation in isolated quantum systems}",
  journal = {\prb},
archivePrefix = "arXiv",
   eprint = {1702.03929},
 primaryClass = "cond-mat.dis-nn",
     year = 2017,
    month = jul,
   volume = 96,
   number = 2,
      eid = {020406},
    pages = {020406},
      doi = {10.1103/PhysRevB.96.020406},
   adsurl = {http://adsabs.harvard.edu/abs/2017PhRvB..96b0406L},
  adsnote = {Provided by the SAO/NASA Astrophysics Data System}
}

@article{Maciejko10,
	Author = {Maciejko, Joseph and Qi, Xiao-Liang and Karch, Andreas and Zhang, Shou-Cheng},
	Doi = {10.1103/PhysRevLett.105.246809},
	Issue = {24},
	Journal = {Phys. Rev. Lett.},
	Month = {Dec},
	Numpages = {4},
	Pages = {246809},
	Publisher = {American Physical Society},
	Title = {Fractional Topological Insulators in Three Dimensions},
	Url = {http://link.aps.org/doi/10.1103/PhysRevLett.105.246809},
	Volume = {105},
	Year = {2010},
	Bdsk-Url-1 = {http://link.aps.org/doi/10.1103/PhysRevLett.105.246809},
	Bdsk-Url-2 = {http://dx.doi.org/10.1103/PhysRevLett.105.246809}}

@article{Maciejko12,
	Author = {Maciejko, Joseph and Qi, Xiao-Liang and Karch, Andreas and Zhang, Shou-Cheng},
	Doi = {10.1103/PhysRevB.86.235128},
	Issue = {23},
	Journal = {Phys. Rev. B},
	Month = {Dec},
	Numpages = {19},
	Pages = {235128},
	Publisher = {American Physical Society},
	Title = {Models of three-dimensional fractional topological insulators},
	Url = {http://link.aps.org/doi/10.1103/PhysRevB.86.235128},
	Volume = {86},
	Year = {2012},
	Bdsk-Url-1 = {http://link.aps.org/doi/10.1103/PhysRevB.86.235128},
	Bdsk-Url-2 = {http://dx.doi.org/10.1103/PhysRevB.86.235128}}

@article{Maciejko14,
	Author = {Maciejko, Joseph and Chua, Victor and Fiete, Gregory A.},
	Doi = {10.1103/PhysRevLett.112.016404},
	Issue = {1},
	Journal = {Phys. Rev. Lett.},
	Month = {Jan},
	Numpages = {5},
	Pages = {016404},
	Publisher = {American Physical Society},
	Title = {Topological Order in a Correlated Three-Dimensional Topological Insulator},
	Url = {http://link.aps.org/doi/10.1103/PhysRevLett.112.016404},
	Volume = {112},
	Year = {2014},
	Bdsk-Url-1 = {http://link.aps.org/doi/10.1103/PhysRevLett.112.016404},
	Bdsk-Url-2 = {http://dx.doi.org/10.1103/PhysRevLett.112.016404}}



@ARTICLE{MajumdarKPZTail,
   author = {{Le Doussal}, P. and {Majumdar}, S.~N. and {Schehr}, G.},
    title = "{Large deviations for the height in 1D Kardar-Parisi-Zhang growth at late times}",
  journal = {EPL (Europhysics Letters)},
archivePrefix = "arXiv",
   eprint = {1601.05957},
 primaryClass = "cond-mat.stat-mech",
     year = 2016,
    month = mar,
   volume = 113,
    pages = {60004},
      doi = {10.1209/0295-5075/113/60004},
   adsurl = {http://adsabs.harvard.edu/abs/2016EL....11360004L},
  adsnote = {Provided by the SAO/NASA Astrophysics Data System}
}

@ARTICLE{Maldacena_holo,
   author = {{Maldacena}, J.},
    title = "{The Large-N Limit of Superconformal Field Theories and Supergravity}",
  journal = {International Journal of Theoretical Physics},
     year = 1999,
   volume = 38,
    pages = {1113-1133},
      doi = {10.1023/A:1026654312961},
   adsurl = {http://adsabs.harvard.edu/abs/1999IJTP...38.1113M},
  adsnote = {Provided by the SAO/NASA Astrophysics Data System}
}

@article{Marvian13,
  title={Symmetry-Protected Topological Entanglement},
  author={Marvian, Iman},
  journal={arXiv preprint arXiv:1307.6617},
  year={2013}
}

@article{Metlitski13,
	Author = {Metlitski, Max A. and Kane, C. L. and Fisher, Matthew P. A.},
	Doi = {10.1103/PhysRevB.88.035131},
	Issue = {3},
	Journal = {Phys. Rev. B},
	Month = {Jul},
	Numpages = {13},
	Pages = {035131},
	Publisher = {American Physical Society},
	Title = {Bosonic topological insulator in three dimensions and the statistical Witten effect},
	Url = {http://link.aps.org/doi/10.1103/PhysRevB.88.035131},
	Volume = {88},
	Year = {2013},
	Bdsk-Url-1 = {http://link.aps.org/doi/10.1103/PhysRevB.88.035131},
	Bdsk-Url-2 = {http://dx.doi.org/10.1103/PhysRevB.88.035131}
}

@article{Moessner13,
  title={Correlations and phase structure of Ising models at complex temperature},
  author={Beichert, F and Hooley, CA and Moessner, R and Oganesyan, V},
  journal={arXiv preprint arXiv:1304.6314},
  year={2013}
}

@ARTICLE{MonthusKPZNumerics,
   author = {{Monthus}, C. and {Garel}, T.},
    title = "{Probing the tails of the ground-state energy distribution for the directed polymer in a random medium of dimension d=1,2,3 via a Monte Carlo procedure in the disorder}",
  journal = {\pre},
   eprint = {cond-mat/0607411},
 keywords = {Distribution theory and Monte Carlo studies, Fluctuation phenomena random processes noise and Brownian motion},
     year = 2006,
    month = nov,
   volume = 74,
   number = 5,
      eid = {051109},
    pages = {051109},
      doi = {10.1103/PhysRevE.74.051109},
   adsurl = {http://adsabs.harvard.edu/abs/2006PhRvE..74e1109M},
  adsnote = {Provided by the SAO/NASA Astrophysics Data System}
}

@article{Moore91,
	Author = {Moore, Gregory and Read, Nicholas},
	Journal = {Nuclear Physics B},
	Number = {2},
	Pages = {362--396},
	Publisher = {Elsevier},
	Title = {Nonabelions in the fractional quantum Hall effect},
	Volume = {360},
	Year = {1991}}

@article{Morampudi14,
	Author = {Morampudi, S. and von Keyserlingk, C.~W. and Pollmann, F.},
	Journal = {arXiv preprint arXiv:1403.0768},
	Title = {Numerical study of a transition between Z2 topologically ordered phases},
	Year = {2014}}


@article{Motrunich14a,
  title = {Model Realization and Numerical Studies of a Three-Dimensional Bosonic Topological Insulator and Symmetry-Enriched Topological Phases},
  author = {Geraedts, Scott D. and Motrunich, Olexei I.},
  journal = {Phys. Rev. X},
  volume = {4},
  issue = {4},
  pages = {041049},
  numpages = {29},
  year = {2014},
  month = {Dec},
  publisher = {American Physical Society},
  doi = {10.1103/PhysRevX.4.041049},
  url = {http://link.aps.org/doi/10.1103/PhysRevX.4.041049}
}

@article{Motrunich14b,
  title={Exact Models for Symmetry-Protected Topological Phases in One Dimension},
  author={Geraedts, Scott D and Motrunich, Olexei I},
  journal={arXiv preprint arXiv:1410.1580},
  year={2014}}


@ARTICLE{MotrunichTFIM_otoc,
   author = {{Lin}, C.-J. and {Motrunich}, O.~I.},
    title = "{Out-of-time-ordered correlators in quantum Ising chain}",
  journal = {ArXiv e-prints},
archivePrefix = "arXiv",
   eprint = {1801.01636},
 primaryClass = "cond-mat.stat-mech",
 keywords = {Condensed Matter - Statistical Mechanics},
     year = 2018,
    month = jan,
   adsurl = {http://adsabs.harvard.edu/abs/2018arXiv180101636L},
  adsnote = {Provided by the SAO/NASA Astrophysics Data System}
}


@ARTICLE{Nachtergaele1,
   author = {{Nachtergaele}, B. and {Ogata}, Y. and {Sims}, R.},
    title = "{Propagation of Correlations in Quantum Lattice Systems}",
  journal = {Journal of Statistical Physics},
   eprint = {math-ph/0603064},
 keywords = {Lieb-Robinson bounds, quantum spin systems, correlations},
     year = 2006,
    month = jul,
   volume = 124,
    pages = {1-13},
}

@ARTICLE{Nachtergaele2,
   author = {{Nachtergaele}, B. and {Sims}, R.},
    title = "{Lieb-Robinson Bounds and the Exponential Clustering Theorem}",
  journal = {Communications in Mathematical Physics},
   eprint = {math-ph/0506030},
     year = 2006,
    month = jul,
   volume = 265,
    pages = {119-130},
}

@ARTICLE{NahumEntanglement,
	author = {{Nahum}, A. and {Ruhman}, J. and {Vijay}, S. and {Haah}, J.},
	title = "{Quantum Entanglement Growth under Random Unitary Dynamics}",
	journal = {Physical Review X},
	archivePrefix = "arXiv",
	eprint = {1608.06950},
	primaryClass = "cond-mat.stat-mech",
	year = 2017,
	month = jul,
	volume = 7,
	number = 3,
	eid = {031016},
	pages = {031016},
	doi = {10.1103/PhysRevX.7.031016},
	adsurl = {http://adsabs.harvard.edu/abs/2017PhRvX...7c1016N},
	adsnote = {Provided by the SAO/NASA Astrophysics Data System}
}

@article{NahumOpSp,
	doi = {10.1103/physrevx.8.021014},
	url = {https://doi.org/10.1103/physrevx.8.021014},
	year  = {2018},
	month = {apr},
	publisher = {American Physical Society ({APS})},
	volume = {8},
	number = {2},
	author = {Adam Nahum and Sagar Vijay and Jeongwan Haah},
	title = {Operator Spreading in Random Unitary Circuits},
	journal = {Physical Review X}
}

@article{NahumRuhmanHuse,
	doi = {10.1103/physrevb.98.035118},
	url = {https://doi.org/10.1103/physrevb.98.035118},
	year  = {2018},
	month = {jul},
	publisher = {American Physical Society ({APS})},
	volume = {98},
	number = {3},
	author = {Adam Nahum and Jonathan Ruhman and David A. Huse},
	title = {Dynamics of entanglement and transport in one-dimensional systems with quenched randomness},
	journal = {Physical Review B}
}

@article{Nandkishore14,
	author = {Rahul Nandkishore and David A. Huse},
	title = {Many-Body Localization and Thermalization in Quantum Statistical Mechanics},
	journal = {Annual Review of Condensed Matter Physics},
	volume = {6},
	number = {1},
	pages = {15-38},
	year = {2015},
	doi = {10.1146/annurev-conmatphys-031214-014726},
}

@misc{NandkishoreFractons,
	Author = {Rahul M. Nandkishore and Michael Hermele},
	Title = {Fractons},
	Year = {2018},
	Eprint = {arXiv:1803.11196},
}

@article{Nathan15, 
	author={Frederik Nathan and Mark S Rudner},
	title={Topological singularities and the general classification of Floquet-Bloch systems},
	journal={New Journal of Physics},
	volume={17},
	number={12},
	pages={125014},
	url={http://stacks.iop.org/1367-2630/17/i=12/a=125014},
	year={2015}
}

@article{Nayak08,
	Author = {Nayak, Chetan and Simon, Steven H. and Stern, Ady and Freedman, Michael and Das Sarma, Sankar},
	Doi = {10.1103/RevModPhys.80.1083},
	Issue = {3},
	Journal = {Rev. Mod. Phys.},
	Month = {Sep},
	Numpages = {0},
	Pages = {1083--1159},
	Publisher = {American Physical Society},
	Title = {Non-Abelian anyons and topological quantum computation},
	Url = {http://link.aps.org/doi/10.1103/RevModPhys.80.1083},
	Volume = {80},
	Year = {2008},
	Bdsk-Url-1 = {http://link.aps.org/doi/10.1103/RevModPhys.80.1083},
	Bdsk-Url-2 = {http://dx.doi.org/10.1103/RevModPhys.80.1083}}

@article{Ofek2010,
	author = {Ofek, Nissim and Bid, Aveek and Heiblum, Moty and Stern, Ady and Umansky, Vladimir and Mahalu, Diana}, 
	title = {Role of interactions in an electronic Fabry‚ÄìPerot interferometer operating in the quantum Hall effect regime},
	volume = {107}, 
	number = {12}, 
	pages = {5276-5281}, 
	year = {2010}, 
	doi = {10.1073/pnas.0912624107}, 
	URL = {http://www.pnas.org/content/107/12/5276.abstract}, 
	journal = {Proc. Natl. Acad. Sci. USA} 
}

@article{OganesyanHuse,
  title = {Localization of interacting fermions at high temperature},
  author = {Oganesyan, Vadim and Huse, David A.},
  journal = {Phys. Rev. B},
  volume = {75},
  issue = {15},
  pages = {155111},
  numpages = {5},
  year = {2007},
  month = {Apr},
  publisher = {American Physical Society},
  doi = {10.1103/PhysRevB.75.155111},
  url = {http://link.aps.org/doi/10.1103/PhysRevB.75.155111}
}

@article{Oshikawa15,
  title = {Absence of Quantum Time Crystals},
  author = {Watanabe, Haruki and Oshikawa, Masaki},
  journal = {Phys. Rev. Lett.},
  volume = {114},
  issue = {25},
  pages = {251603},
  numpages = {5},
  year = {2015},
  month = {Jun},
  publisher = {American Physical Society},
  doi = {10.1103/PhysRevLett.114.251603},
  url = {http://link.aps.org/doi/10.1103/PhysRevLett.114.251603}
}



@article{PGStr,
	Author = {Balian, R. and Drouffe, J. M. and Itzykson, C.},
	Doi = {10.1103/PhysRevD.11.2104},
	Issue = {8},
	Journal = {Phys. Rev. D},
	Month = {Apr},
	Pages = {2104--2119},
	Publisher = {American Physical Society},
	Title = {Gauge fields on a lattice. III. Strong-coupling expansions and transition points},
	Url = {http://link.aps.org/doi/10.1103/PhysRevD.11.2104},
	Volume = {11},
	Year = {1975},
	Bdsk-Url-1 = {http://link.aps.org/doi/10.1103/PhysRevD.11.2104},
	Bdsk-Url-2 = {http://dx.doi.org/10.1103/PhysRevD.11.2104}
}

@article{PVP,
  title = {Universal Properties of Many-Body Delocalization Transitions},
  author = {Potter, Andrew C. and Vasseur, Romain and Parameswaran, S. A.},
  journal = {Phys. Rev. X},
  volume = {5},
  issue = {3},
  pages = {031033},
  numpages = {13},
  year = {2015},
  month = {Sep},
  publisher = {American Physical Society},
  doi = {10.1103/PhysRevX.5.031033},
  url = {http://link.aps.org/doi/10.1103/PhysRevX.5.031033}
}

@article{Page,
  title = {Average entropy of a subsystem},
  author = {Page, Don N.},
  journal = {Phys. Rev. Lett.},
  volume = {71},
  issue = {9},
  pages = {1291--1294},
  numpages = {0},
  year = {1993},
  month = {Aug},
  publisher = {American Physical Society},
  doi = {10.1103/PhysRevLett.71.1291},
  url = {http://link.aps.org/doi/10.1103/PhysRevLett.71.1291}
}

@misc{PaiFracton,
	Author = {Shriya Pai and Michael Pretko and Rahul M. Nandkishore},
	Title = {Localization in fractonic random circuits},
	Year = {2018},
	Eprint = {arXiv:1807.09776},
}

@article{PalHuse,
  title = {Many-body localization phase transition},
  author = {Pal, Arijeet and Huse, David A.},
  journal = {Phys. Rev. B},
  volume = {82},
  issue = {17},
  pages = {174411},
  numpages = {7},
  year = {2010},
  month = {Nov},
  publisher = {American Physical Society},
  doi = {10.1103/PhysRevB.82.174411},
  url = {http://link.aps.org/doi/10.1103/PhysRevB.82.174411}
}


@ARTICLE{PatelDiffusiveMetal,
	author = {{Patel}, A.~A. and {Chowdhury}, D. and {Sachdev}, S. and {Swingle}, B.
	},
	title = "{Quantum Butterfly Effect in Weakly Interacting Diffusive Metals}",
	journal = {Physical Review X},
	archivePrefix = "arXiv",
	eprint = {1703.07353},
	primaryClass = "cond-mat.str-el",
	year = 2017,
	month = jul,
	volume = 7,
	number = 3,
	eid = {031047},
	pages = {031047},
	doi = {10.1103/PhysRevX.7.031047},
	adsurl = {http://adsabs.harvard.edu/abs/2017PhRvX...7c1047P},
	adsnote = {Provided by the SAO/NASA Astrophysics Data System}
}



%% Saved with string encoding Unicode (UTF-8) 
@ARTICLE{PatelDiffusiveMetal,
   author = {{Patel}, A.~A. and {Chowdhury}, D. and {Sachdev}, S. and {Swingle}, B.
	},
    title = "{Quantum Butterfly Effect in Weakly Interacting Diffusive Metals}",
  journal = {Physical Review X},
archivePrefix = "arXiv",
   eprint = {1703.07353},
 primaryClass = "cond-mat.str-el",
     year = 2017,
    month = jul,
   volume = 7,
   number = 3,
      eid = {031047},
    pages = {031047},
      doi = {10.1103/PhysRevX.7.031047},
   adsurl = {http://adsabs.harvard.edu/abs/2017PhRvX...7c1047P},
  adsnote = {Provided by the SAO/NASA Astrophysics Data System}
}


@ARTICLE{Pekker14,
   author = {{Pekker}, D. and {Clark}, B.~K.},
    title = "{Encoding the structure of many-body localization with matrix product operators}",
  journal = {ArXiv e-prints},
archivePrefix = "arXiv",
   eprint = {1410.2224},
 primaryClass = "cond-mat.str-el",
 keywords = {Condensed Matter - Strongly Correlated Electrons, Condensed Matter - Disordered Systems and Neural Networks},
     year = 2014,
    month = oct,
   adsurl = {http://adsabs.harvard.edu/abs/2014arXiv1410.2224P},
  adsnote = {Provided by the SAO/NASA Astrophysics Data System}
}
@article{PekkerHilbertGlass,
  title = {Hilbert-Glass Transition: New Universality of Temperature-Tuned Many-Body Dynamical Quantum Criticality},
  author = {Pekker, David and Refael, Gil and Altman, Ehud and Demler, Eugene and Oganesyan, Vadim},
  journal = {Phys. Rev. X},
  volume = {4},
  issue = {1},
  pages = {011052},
  numpages = {12},
  year = {2014},
  month = {Mar},
  publisher = {American Physical Society},
  url = {http://link.aps.org/doi/10.1103/PhysRevX.4.011052}
}
	
@book{Peskin95,
	Address = {Boulder, CO},
	Author = {Peskin, Michael E and Schroeder, Daniel V},
	Note = {Includes exercises},
	Publisher = {Westview},
	Title = {{An Introduction to Quantum Field Theory; 1995 ed.}},
	Year = {1995}
}	

@article{PikovskyRoughening,
	title={Roughening interfaces in the dynamics of perturbations of spatiotemporal chaos},
	author={Pikovsky, Arkady S and Kurths, J{\"u}rgen},
	journal={Physical Review E},
	volume={49},
	number={1},
	pages={898},
	year={1994},
	publisher={APS}
}

@article{PizornOperator,
	title={Operator space entanglement entropy in XY spin chains},
	author={Pizorn, Iztok and Prosen, Tomaz},
	journal={arXiv preprint arXiv:0903.2432},
	year={2009}
}

@article{PolkovnikovClosed,
	doi = {10.1103/revmodphys.83.863},
	url = {https://doi.org/10.1103/revmodphys.83.863},
	year  = {2011},
	month = {aug},
	publisher = {American Physical Society ({APS})},
	volume = {83},
	number = {3},
	pages = {863--883},
	author = {Anatoli Polkovnikov and Krishnendu Sengupta and Alessandro Silva and Mukund Vengalattore},
	title = {Colloquium: Nonequilibrium dynamics of closed interacting quantum systems},
	journal = {Reviews of Modern Physics}
}

@article{Pollmann10,
	title = {Entanglement spectrum of a topological phase in one dimension},
	volume = {81},
	url = {http://link.aps.org/doi/10.1103/PhysRevB.81.064439},
	doi = {10.1103/PhysRevB.81.064439},
	abstract = {We show that the Haldane phase of S=1 chains is characterized by a double degeneracy of the entanglement spectrum. The degeneracy is protected by a set of symmetries (either the dihedral group of œÄ rotations about two orthogonal axes, time-reversal symmetry, or bond centered inversion symmetry), and cannot be lifted unless either a phase boundary to another, ‚Äútopologically trivial,‚Äù phase is crossed, or the symmetry is broken. More generally, these results offer a scheme to classify gapped phases of one-dimensional systems. Physically, the degeneracy of the entanglement spectrum can be observed by adiabatically weakening a bond to zero, which leaves the two disconnected halves of the system in a finitely entangled state.},
	number = {6},
	urldate = {2016-01-07},
	journal = {Phys. Rev. B},
	author = {Pollmann, Frank and Turner, Ari M. and Berg, Erez and Oshikawa, Masaki},
	month = feb,
	year = {2010},
	pages = {064439},
	file = {APS Snapshot:/Users/curtvk/Library/Application Support/Zotero/Profiles/aqe8gxl0.default/zotero/storage/VWMEZWE9/PhysRevB.81.html:text/html}
}

@article{Pollmann12,
  title = {Detection of symmetry-protected topological phases in one dimension},
  author = {Pollmann, Frank and Turner, Ari M.},
  journal = {Phys. Rev. B},
  volume = {86},
  issue = {12},
  pages = {125441},
  numpages = {13},
  year = {2012},
  month = {Sep},
  publisher = {American Physical Society},
  doi = {10.1103/PhysRevB.86.125441},
  url = {http://link.aps.org/doi/10.1103/PhysRevB.86.125441}
}

@article{PollmannVUMPO,
  title = {Efficient variational diagonalization of fully many-body localized Hamiltonians},
  author = {Pollmann, Frank and Khemani, Vedika and Cirac, J. Ignacio and Sondhi, S. L.},
  journal = {Phys. Rev. B},
  volume = {94},
  issue = {4},
  pages = {041116},
  numpages = {5},
  year = {2016},
  month = {Jul},
  publisher = {American Physical Society},
  doi = {10.1103/PhysRevB.94.041116},
  url = {http://link.aps.org/doi/10.1103/PhysRevB.94.041116}
}

@article{Polyakov75,
	Author = {Polyakov, Alexander M},
	Journal = {Physics Letters B},
	Number = {1},
	Pages = {82--84},
	Publisher = {Elsevier},
	Title = {Compact gauge fields and the infrared catastrophe},
	Volume = {59},
	Year = {1975}
}

@article{Polychronakos90,
	Author = {Alexios P Polychronakos},
	Doi = {10.1016/0003-4916(90)90171-J},
	Issn = {0003-4916},
	Journal = {Annals of Physics},
	Number = {2},
	Pages = {231 - 254},
	Title = {Abelian Chern-Simons theories in 2 + 1 dimensions},
	Url = {http://www.sciencedirect.com/science/article/pii/000349169090171J},
	Volume = {203},
	Year = {1990},
	Bdsk-Url-1 = {http://www.sciencedirect.com/science/article/pii/000349169090171J},
	Bdsk-Url-2 = {http://dx.doi.org/10.1016/0003-4916(90)90171-J}
}

@article{Ponte15,
  title = {Many-Body Localization in Periodically Driven Systems},
  author = {Ponte, Pedro and Papi\ifmmode \acute{c}\else \'{c}\fi{}, Z. and Huveneers, Francois and Abanin, Dmitry A.},
  journal = {Phys. Rev. Lett.},
  volume = {114},
  issue = {14},
  pages = {140401},
  numpages = {5},
  year = {2015},
  month = {Apr},
  publisher = {American Physical Society},
  doi = {10.1103/PhysRevLett.114.140401},
  url = {http://link.aps.org/doi/10.1103/PhysRevLett.114.140401}
}

@article{Ponte15b,
	title = "Periodically driven ergodic and many-body localized quantum systems ",
	journal = "Annals of Physics ",
	volume = "353",
	number = "",
	pages = "196 - 204",
	year = "2015",
	note = "",
	issn = "0003-4916",
	doi = "http://dx.doi.org/10.1016/j.aop.2014.11.008",
	url = "http://www.sciencedirect.com/science/article/pii/S0003491614003212",
	author = "Pedro Ponte and Anushya Chandran and Z. Papiƒá and Dmitry A. Abanin",
	keywords = "Many-body localization",
	keywords = "Periodically driven system",
	keywords = "Thermalization",
	keywords = "Non-equilibrium dynamics "
}

@article{Potter15,
	title={Protection of topological order by symmetry and many-body localization},
	author={Potter, Andrew C and Vishwanath, Ashvin},journal={arXiv preprint arXiv:1506.00592},
	year={2015}
}

@ARTICLE{Potter16,
	author = {{Potter}, A.~C. and {Morimoto}, T. and {Vishwanath}, A.},
	title = "{Topological classification of interacting 1D Floquet phases}",
	journal = {ArXiv e-prints},
	archivePrefix = "arXiv",
	eprint = {1602.05194},
	primaryClass = "cond-mat.str-el",
	keywords = {Condensed Matter - Strongly Correlated Electrons, Condensed Matter - Disordered Systems and Neural Networks, Condensed Matter - Mesoscale and Nanoscale Physics},
	year = 2016,
    month = feb,
	adsurl = {http://adsabs.harvard.edu/abs/2016arXiv160205194P},
	adsnote = {Provided by the SAO/NASA Astrophysics Data System}
}

@article{PottsGauge1,
	Author = {Kogut, J. B. and Pearson, R. B. and Shigemitsu, J. and Sinclair, D. K.},
	Doi = {10.1103/PhysRevD.22.2447},
	Issue = {10},
	Journal = {Phys. Rev. D},
	Month = {Nov},
	Pages = {2447--2464},
	Publisher = {American Physical Society},
	Title = {${Z}_{N}$ and $N$-state Potts lattice gauge theories: Phase diagrams, first-order transitions, $$\beta${}$ functions, and $\frac{1}{N}$ expansions},
	Url = {http://link.aps.org/doi/10.1103/PhysRevD.22.2447},
	Volume = {22},
	Year = {1980},
	Bdsk-Url-1 = {http://link.aps.org/doi/10.1103/PhysRevD.22.2447},
	Bdsk-Url-2 = {http://dx.doi.org/10.1103/PhysRevD.22.2447}
}

@article{PottsGauge2,
	Author = {Kogut, J. B. and Sinclair, D. K.},
	Doi = {10.1103/PhysRevD.23.2967},
	Issue = {12},
	Journal = {Phys. Rev. D},
	Month = {Jun},
	Pages = {2967--2975},
	Publisher = {American Physical Society},
	Title = {More on Potts lattice gauge theories},
	Url = {http://link.aps.org/doi/10.1103/PhysRevD.23.2967},
	Volume = {23},
	Year = {1981},
	Bdsk-Url-1 = {http://link.aps.org/doi/10.1103/PhysRevD.23.2967},
	Bdsk-Url-2 = {http://dx.doi.org/10.1103/PhysRevD.23.2967}}

@article{PottsGaugeNumerics,
	Author = {Creutz, Michael and Jacobs, Laurence and Rebbi, Claudio},
	Doi = {10.1103/PhysRevLett.42.1390},
	Issue = {21},
	Journal = {Phys. Rev. Lett.},
	Month = {May},
	Pages = {1390--1393},
	Publisher = {American Physical Society},
	Title = {Experiments with a Gauge-Invariant Ising System},
	Url = {http://link.aps.org/doi/10.1103/PhysRevLett.42.1390},
	Volume = {42},
	Year = {1979},
	Bdsk-Url-1 = {http://link.aps.org/doi/10.1103/PhysRevLett.42.1390},
	Bdsk-Url-2 = {http://dx.doi.org/10.1103/PhysRevLett.42.1390}}

@article{PottsGaugeNumerics2,
	Author = {Fanchiotti, H. and Sciutto, S.J. and Vucetich, H.},
	Doi = {10.1007/BF01307501},
	Issn = {0722-3277},
	Issue = {1},
	Journal = {Zeitschrift f{\"u}r Physik B Condensed Matter},
	Language = {English},
	Pages = {57-60},
	Publisher = {Springer-Verlag},
	Title = {Monte Carlo calculations on the gauge Potts model},
	Volume = {55},
	Year = {1984},
	Bdsk-Url-1 = {http://dx.doi.org/10.1007/BF01307501}
}

@misc{Prange87,
	Author = {Prange, Girvin and Girvin, Steven M},
	Publisher = {Springer-Verlag, NY},
	Title = {The Quantum Hall Effect, Graduate texts in contemporary Physics},
	Year = {1987}
}

@article{Preskill06,
	Author = {Kitaev, Alexei and Preskill, John},
	Doi = {10.1103/PhysRevLett.96.110404},
	Issue = {11},
	Journal = {Phys. Rev. Lett.},
	Month = {Mar},
	Numpages = {4},
	Pages = {110404},
	Publisher = {American Physical Society},
	Title = {Topological Entanglement Entropy},
	Url = {http://link.aps.org/doi/10.1103/PhysRevLett.96.110404},
	Volume = {96},
	Year = {2006},
	Bdsk-Url-1 = {http://link.aps.org/doi/10.1103/PhysRevLett.96.110404},
	Bdsk-Url-2 = {http://dx.doi.org/10.1103/PhysRevLett.96.110404}
}

@article{PretkoElasticity,
	doi = {10.1103/physrevlett.120.195301},
	url = {https://doi.org/10.1103/physrevlett.120.195301},
	year  = {2018},
	month = {may},
	publisher = {American Physical Society ({APS})},
	volume = {120},
	number = {19},
	author = {Michael Pretko and Leo Radzihovsky},
	title = {Fracton-Elasticity Duality},
	journal = {Physical Review Letters}
}

@article{PretkoFractonGauge,
	doi = {10.1103/physrevb.98.115134},
	url = {https://doi.org/10.1103/physrevb.98.115134},
	year  = {2018},
	month = {sep},
	publisher = {American Physical Society ({APS})},
	volume = {98},
	number = {11},
	author = {Michael Pretko},
	title = {The fracton gauge principle},
	journal = {Physical Review B}
}

@article{PretkoSubdim,
	doi = {10.1103/physrevb.95.115139},
	url = {https://doi.org/10.1103/physrevb.95.115139},
	year  = {2017},
	month = {mar},
	publisher = {American Physical Society ({APS})},
	volume = {95},
	number = {11},
	author = {Michael Pretko},
	title = {Subdimensional particle structure of higher rank U(1) spin liquids},
	journal = {Physical Review B}
}

@Article{Privman1983,
	author="Privman, Vladimir
	and Fisher, Michael E.",
	title="Finite-size effects at first-order transitions",
	journal="Journal of Statistical Physics",
	year="1983",
	volume="33",
	number="2",
	pages="385--417",
	abstract="Finite-size rounding of a first-order phase transition is studied in ``block''- and ``cylinder''-shaped ferromagnetic scalar spin systems. Crossover in shape is investigated and the universal form of the rounded susceptibility peak is obtained. Scaling forms on the low-temperature side of the critical point are considered both above and below the borderline dimensionality,d                        >=4. A method of phenomenological renormalization, applicable to both odd and even field derivatives, is suggested and used to estimate universal amplitudes for two-dimensional Ising models atT=Tc.",
	issn="1572-9613",
	doi="10.1007/BF01009803",
	url="http://dx.doi.org/10.1007/BF01009803"
}


@article{Propitius95,
	Author = {Propitius, Mark de Wild and Bais, F Alexander},
	Journal = {arXiv preprint hep-th/9511201},
	Title = {Discrete gauge theories},
	Year = {1995}
}

@article{ProsenOperator,
	title={Operator space entanglement entropy in a transverse Ising chain},
	author={Prosen, Toma{\v{z}} and Pi{\v{z}}orn, Iztok},
	journal={Physical Review A},
	volume={76},
	number={3},
	pages={032316},
	year={2007},
	publisher={APS}
}

@ARTICLE{ProsenWeakChaos,
   author = {{Kukuljan}, I. and {Grozdanov}, S. and {Prosen}, T.},
    title = "{Weak quantum chaos}",
  journal = {\prb},
archivePrefix = "arXiv",
   eprint = {1701.09147},
 primaryClass = "cond-mat.stat-mech",
     year = 2017,
    month = aug,
   volume = 96,
   number = 6,
      eid = {060301},
    pages = {060301},
      doi = {10.1103/PhysRevB.96.060301},
   adsurl = {http://adsabs.harvard.edu/abs/2017PhRvB..96f0301K},
  adsnote = {Provided by the SAO/NASA Astrophysics Data System}
}

@ARTICLE{Q,
   author = {{Else}, D.~V. and {Bauer}, B. and {Nayak}, C.},
    title = "{Floquet Time Crystals}",
  journal = {ArXiv e-prints},
archivePrefix = "arXiv",
   eprint = {1603.08001},
 primaryClass = "cond-mat.dis-nn",
 keywords = {Condensed Matter - Disordered Systems and Neural Networks, Condensed Matter - Statistical Mechanics, Condensed Matter - Strongly Correlated Electrons, Quantum Physics},
     year = 2016,
    month = mar,
   adsurl = {http://adsabs.harvard.edu/abs/2016arXiv160308001E},
  adsnote = {Provided by the SAO/NASA Astrophysics Data System}
}

@article{Qi08,
	Author = {Qi, Xiao-Liang and Hughes, Taylor L. and Zhang, Shou-Cheng},
	Doi = {10.1103/PhysRevB.78.195424},
	Issue = {19},
	Journal = {Phys. Rev. B},
	Month = {Nov},
	Numpages = {43},
	Pages = {195424},
	Publisher = {American Physical Society},
	Title = {Topological field theory of time-reversal invariant insulators},
	Url = {http://link.aps.org/doi/10.1103/PhysRevB.78.195424},
	Volume = {78},
	Year = {2008},
	Bdsk-Url-1 = {http://link.aps.org/doi/10.1103/PhysRevB.78.195424},
	Bdsk-Url-2 = {http://dx.doi.org/10.1103/PhysRevB.78.195424}}

@article{Qi09,
	Abstract = {Existence of the magnetic monopole is compatible with the fundamental laws of nature; however, this elusive particle has yet to be detected experimentally. We show theoretically that an electric charge near a topological surface state induces an image magnetic monopole charge due to the topological magneto-electric effect. The magnetic field generated by the image magnetic monopole may be experimentally measured, and the inverse square law of the field dependence can be determined quantitatively. We propose that this effect can be used to experimentally realize a gas of quantum particles carrying fractional statistics, consisting of the bound states of the electric charge and the image magnetic monopole charge.},
	Author = {Qi, Xiao-Liang and Li, Rundong and Zang, Jiadong and Zhang, Shou-Cheng},
	Doi = {10.1126/science.1167747},
	Journal = {Science},
	Number = {5918},
	Pages = {1184-1187},
	Title = {Inducing a Magnetic Monopole with Topological Surface States},
	Url = {http://www.sciencemag.org/content/323/5918/1184.abstract},
	Volume = {323},
	Year = {2009},
	Bdsk-Url-1 = {http://www.sciencemag.org/content/323/5918/1184.abstract},
	Bdsk-Url-2 = {http://dx.doi.org/10.1126/science.1167747}}

@article{Qi11Review,
	Author = {Qi, Xiao-Liang and Zhang, Shou-Cheng},
	Journal = {Reviews of Modern Physics},
	Number = {4},
	Pages = {1057},
	Publisher = {APS},
	Title = {Topological insulators and superconductors},
	Volume = {83},
	Year = {2011}
}

@article{Rademaker2016,
  title = {Explicit Local Integrals of Motion for the Many-Body Localized State},
  author = {Rademaker, Louk and Ortu\~no, Miguel},
  journal = {Phys. Rev. Lett.},
  volume = {116},
  issue = {1},
  pages = {010404},
  numpages = {5},
  year = {2016},
  month = {Jan},
  publisher = {American Physical Society},
  doi = {10.1103/PhysRevLett.116.010404},
  url = {http://link.aps.org/doi/10.1103/PhysRevLett.116.010404}
}

@misc{RakovskyDiff,
	Author = {Tibor Rakovszky and Frank Pollmann and C. W. von Keyserlingk},
	Title = {Sub-ballistic growth of R√©nyi entropies due to diffusion},
	Year = {2019},
	Eprint = {arXiv:1901.10502},
}

@misc{RasmussenYouXu,
	Author = {Alex Rasmussen and Yi-Zhuang You and Cenke Xu},
	Title = {Stable Gapless Bose Liquid Phases without any Symmetry},
	Year = {2016},
	Eprint = {arXiv:1601.08235},
}

@ARTICLE{Rehn16,
   author = {{Rehn}, J. and {Lazarides}, A. and {Pollmann}, F. and {Moessner}, R.
	},
    title = "{How periodic driving heats a disordered quantum spin chain}",
  journal = {ArXiv e-prints},
archivePrefix = "arXiv",
   eprint = {1603.03054},
 primaryClass = "cond-mat.stat-mech",
 keywords = {Condensed Matter - Statistical Mechanics, Condensed Matter - Disordered Systems and Neural Networks},
     year = 2016,
    month = mar,
   adsurl = {http://adsabs.harvard.edu/abs/2016arXiv160303054R},
  adsnote = {Provided by the SAO/NASA Astrophysics Data System}
}

@article{Rezayi06,
	Author = {Wan, Xin and Yang, Kun and Rezayi, E. H.},
	Doi = {10.1103/PhysRevLett.97.256804},
	Issue = {25},
	Journal = {Phys. Rev. Lett.},
	Month = {Dec},
	Numpages = {4},
	Pages = {256804},
	Publisher = {American Physical Society},
	Title = {Edge Excitations and Non-Abelian Statistics in the Moore-Read State: A Numerical Study in the Presence of Coulomb Interaction and Edge Confinement},
	Url = {http://link.aps.org/doi/10.1103/PhysRevLett.97.256804},
	Volume = {97},
	Year = {2006},
	Bdsk-Url-1 = {http://link.aps.org/doi/10.1103/PhysRevLett.97.256804},
	Bdsk-Url-2 = {http://dx.doi.org/10.1103/PhysRevLett.97.256804}}

@article{Rezayi09,
	Author = {Hu, Zi-Xiang and Rezayi, E. H. and Wan, Xin and Yang, Kun},
	Doi = {10.1103/PhysRevB.80.235330},
	Issue = {23},
	Journal = {Phys. Rev. B},
	Month = {Dec},
	Numpages = {6},
	Pages = {235330},
	Publisher = {American Physical Society},
	Title = {Edge-mode velocities and thermal coherence of quantum Hall interferometers},
	Url = {http://link.aps.org/doi/10.1103/PhysRevB.80.235330},
	Volume = {80},
	Year = {2009},
	Bdsk-Url-1 = {http://link.aps.org/doi/10.1103/PhysRevB.80.235330},
	Bdsk-Url-2 = {http://dx.doi.org/10.1103/PhysRevB.80.235330}}

@article{Rigol,
    author = {Rigol, Marcos and Dunjko, Vanja and Olshanii, Maxim},
    day = {17},
    doi = {10.1038/nature06838},
    issn = {0028-0836},
    journal = {Nature},
    keywords = {thermalization},
    month = apr,
    number = {7189},
    pages = {854--858},
    posted-at = {2010-12-16 20:56:09},
    priority = {0},
    publisher = {Nature Publishing Group},
    title = {{Thermalization and its mechanism for generic isolated quantum systems}},
    url = {http://dx.doi.org/10.1038/nature06838},
    volume = {452},
    year = {2008}
}

@article{Rigol14,
	title = {Long-time Behavior of Isolated Periodically Driven Interacting Lattice Systems},
	author = {D'Alessio, Luca and Rigol, Marcos},
	journal = {Phys. Rev. X},
	volume = {4},
	issue = {4},
	pages = {041048},
	numpages = {12},
	year = {2014},
	month = {Dec},
	publisher = {American Physical Society},
	doi = {10.1103/PhysRevX.4.041048},
	url = {http://link.aps.org/doi/10.1103/PhysRevX.4.041048}
}

@article{Ringel14,
  title={A Laughlin-like approach to some symmetry protected topological phases},
  author={Ringel, Zohar and Simon, Steven H},
  journal={arXiv preprint arXiv:1410.0318},
  year={2014}
}

@article{RobertsStanford,
  title = {Diagnosing Chaos Using Four-Point Functions in Two-Dimensional Conformal Field Theory},
  author = {Roberts, Daniel A. and Stanford, Douglas},
  journal = {Phys. Rev. Lett.},
  volume = {115},
  issue = {13},
  pages = {131603},
  numpages = {6},
  year = {2015},
  month = {Sep},
  publisher = {American Physical Society},
  doi = {10.1103/PhysRevLett.115.131603},
  url = {https://link.aps.org/doi/10.1103/PhysRevLett.115.131603}
}

@article{RobertsSwingle,
  title = {Lieb-Robinson Bound and the Butterfly Effect in Quantum Field Theories},
  author = {Roberts, Daniel A. and Swingle, Brian},
  journal = {Phys. Rev. Lett.},
  volume = {117},
  issue = {9},
  pages = {091602},
  numpages = {6},
  year = {2016},
  month = {Aug},
  publisher = {American Physical Society},
  doi = {10.1103/PhysRevLett.117.091602},
  url = {https://link.aps.org/doi/10.1103/PhysRevLett.117.091602}
}

@ARTICLE{Ros15,
   author = {{Ros}, V. and {M{\"u}ller}, M. and {Scardicchio}, A.},
    title = "{Integrals of motion in the many-body localized phase}",
  journal = {Nuclear Physics B},
     year = 2015,
    month = feb,
   volume = 891,
    pages = {420-465},
      doi = {10.1016/j.nuclphysb.2014.12.014},
   adsurl = {http://adsabs.harvard.edu/abs/2015NuPhB.891..420R},
  adsnote = {Provided by the SAO/NASA Astrophysics Data System}
}

@article{Rosenow2007,
  title = {Influence of Interactions on Flux and Back-Gate Period of Quantum Hall Interferometers},
  author = {Rosenow, B. and Halperin, B. I.},
  journal = {Phys. Rev. Lett.},
  volume = {98},
  issue = {10},
  pages = {106801},
  numpages = {4},
  year = {2007},
  month = {Mar},
  publisher = {American Physical Society},
  doi = {10.1103/PhysRevLett.98.106801},
  url = {http://link.aps.org/doi/10.1103/PhysRevLett.98.106801}
}

@article{Rosenow2008,
  title = {Bulk-Edge Coupling in the Non-Abelian $$\nu${}=5/2$ Quantum Hall Interferometer},
  author = {Rosenow, B. and Halperin, B. I. and Simon, S. H. and Stern, Ady},
  journal = {Phys. Rev. Lett.},
  volume = {100},
  issue = {22},
  pages = {226803},
  numpages = {4},
  year = {2008},
  month = {Jun},
  publisher = {American Physical Society},
  doi = {10.1103/PhysRevLett.100.226803},
  url = {http://link.aps.org/doi/10.1103/PhysRevLett.100.226803}
}

@article{Rosenow2009,
	Author = {Rosenow, Bernd and Halperin, Bertrand I. and Simon, Steven H. and Stern, Ady},
	Doi = {10.1103/PhysRevB.80.155305},
	Issue = {15},
	Journal = {Phys. Rev. B},
	Month = {Oct},
	Numpages = {12},
	Pages = {155305},
	Publisher = {American Physical Society},
	Title = {Exact solution for bulk-edge coupling in the non-Abelian $$\nu${}=5/2$ quantum Hall interferometer},
	Url = {http://link.aps.org/doi/10.1103/PhysRevB.80.155305},
	Volume = {80},
	Year = {2009},
	Bdsk-Url-1 = {http://link.aps.org/doi/10.1103/PhysRevB.80.155305},
	Bdsk-Url-2 = {http://dx.doi.org/10.1103/PhysRevB.80.155305}}

@article{Rosenow2011,
	Author = {Halperin, Bertrand I. and Stern, Ady and Neder, Izhar and Rosenow, Bernd},
	Doi = {10.1103/PhysRevB.83.155440},
	Issue = {15},
	Journal = {Phys. Rev. B},
	Month = {Apr},
	Numpages = {17},
	Pages = {155440},
	Publisher = {American Physical Society},
	Title = {Theory of the Fabry-P\'erot quantum Hall interferometer},
	Url = {http://link.aps.org/doi/10.1103/PhysRevB.83.155440},
	Volume = {83},
	Year = {2011},
	Bdsk-Url-1 = {http://link.aps.org/doi/10.1103/PhysRevB.83.155440},
	Bdsk-Url-2 = {http://dx.doi.org/10.1103/PhysRevB.83.155440}}

@article{Rosenow2012,
	Author = {Rosenow, B. and Simon, Steven H.},
	Doi = {10.1103/PhysRevB.85.201302},
	Issue = {20},
	Journal = {Phys. Rev. B},
	Month = {May},
	Numpages = {5},
	Pages = {201302},
	Publisher = {American Physical Society},
	Title = {Telegraph noise and the Fabry-Perot quantum Hall interferometer},
	Url = {http://link.aps.org/doi/10.1103/PhysRevB.85.201302},
	Volume = {85},
	Year = {2012},
	Bdsk-Url-1 = {http://link.aps.org/doi/10.1103/PhysRevB.85.201302},
	Bdsk-Url-2 = {http://dx.doi.org/10.1103/PhysRevB.85.201302}}

@ARTICLE{Roy15,
   author = {{Roy}, R. and {Harper}, F.},
    title = "{Periodic Table for Floquet Topological Insulators}",
  journal = {ArXiv e-prints},
archivePrefix = "arXiv",
   eprint = {1603.06944},
 primaryClass = "cond-mat.str-el",
 keywords = {Condensed Matter - Strongly Correlated Electrons, Condensed Matter - Mesoscale and Nanoscale Physics},
     year = 2016,
    month = mar,
   adsurl = {http://adsabs.harvard.edu/abs/2016arXiv160306944R},
  adsnote = {Provided by the SAO/NASA Astrophysics Data System}
}

@article{Rudner13,
	title = {Anomalous {Edge} {States} and the {Bulk}-{Edge} {Correspondence} for {Periodically} {Driven} {Two}-{Dimensional} {Systems}},
	volume = {3},
	url = {http://link.aps.org/doi/10.1103/PhysRevX.3.031005},
	doi = {10.1103/PhysRevX.3.031005},
	abstract = {Recently, several authors have investigated topological phenomena in periodically driven systems of noninteracting particles. These phenomena are identified through analogies between the Floquet spectra of driven systems and the band structures of static Hamiltonians. Intriguingly, these works have revealed phenomena that cannot be characterized by analogy to the topological classification framework for static systems. In particular, in driven systems in two dimensions (2D), robust chiral edge states can appear even though the Chern numbers of all the bulk Floquet bands are zero. Here, we elucidate the crucial distinctions between static and driven 2D systems, and construct a new topological invariant that yields the correct edge-state structure in the driven case. We provide formulations in both the time and frequency domains, which afford additional insight into the origins of the ‚Äúanomalous‚Äù spectra that arise in driven systems. Possibilities for realizing these phenomena in solid-state and cold-atomic systems are discussed.},
	number = {3},
	urldate = {2016-01-13},
	journal = {Phys. Rev. X},
	author = {Rudner, Mark S. and Lindner, Netanel H. and Berg, Erez and Levin, Michael},
	month = jul,
	year = {2013},
	pages = {031005},
	file = {APS Snapshot:/Users/curtvk/Library/Application Support/Zotero/Profiles/aqe8gxl0.default/zotero/storage/TK7HHV68/PhysRevX.3.html:text/html}
}

@article{SBPRL,
	Author = {Bais, F. A. and Schroers, B. J. and Slingerland, J. K.},
	Journal = {Phys. Rev. Lett.},
	Month = {Oct},
	Number = {18},
	Numpages = {4},
	Pages = {181601},
	Publisher = {American Physical Society},
	Title = {Broken Quantum Symmetry and Confinement Phases in Planar Physics},
	Volume = {89},
	Year = {2002}}

@article{SBPRL2,
	Author = {Bais, F. A. and Schroers, B. J. and Slingerland, J. K.},
	Journal = {J. H. E. P.},
	Pages = {068},
	Title = {Hopf symmetry breaking and confinement in (2+1)-dimensional gauge theory},
	Volume = {05},
	Year = {2003}}

@ARTICLE{SachdevSYK,
   author = {{Sachdev}, S. and {Ye}, J.},
    title = "{Gapless spin-fluid ground state in a random quantum Heisenberg magnet}",
  journal = {Physical Review Letters},
   eprint = {cond-mat/9212030},
 keywords = {Quantized spin models, Quantum statistical mechanics, Antiferromagnetics},
     year = 1993,
    month = may,
   volume = 70,
    pages = {3339-3342},
      doi = {10.1103/PhysRevLett.70.3339},
   adsurl = {http://adsabs.harvard.edu/abs/1993PhRvL..70.3339S},
  adsnote = {Provided by the SAO/NASA Astrophysics Data System}
}

@article{Sancho07,
	title = {Spatiotemporal order out of noise},
	author = {Sagu\'es, Francesc and Sancho, Jos\'e M. and Garc\'{\i}a-Ojalvo, Jordi},
	journal = {Rev. Mod. Phys.},
	volume = {79},
	issue = {3},
	pages = {829--882},
	numpages = {0},
	year = {2007},
	month = {Jul},
	publisher = {American Physical Society},
	doi = {10.1103/RevModPhys.79.829},
	url = {http://link.aps.org/doi/10.1103/RevModPhys.79.829}
}

@article{SantosMBL,
	title = {Dynamics at the many-body localization transition},
	author = {Torres-Herrera, E. J. and Santos, Lea F.},
	journal = {Phys. Rev. B},
	volume = {92},
	issue = {1},
	pages = {014208},
	numpages = {7},
	year = {2015},
	month = {Jul},
	publisher = {American Physical Society},
	doi = {10.1103/PhysRevB.92.014208},
	url = {http://link.aps.org/doi/10.1103/PhysRevB.92.014208}
}

@article{Schnyder08,
	Author = {Schnyder, Andreas P and Ryu, Shinsei and Furusaki, Akira and Ludwig, Andreas WW},
	Journal = {Phys. Rev. B},
	Number = {19},
	Pages = {195125},
	Publisher = {APS},
	Title = {Classification of topological insulators and superconductors in three spatial dimensions},
	Volume = {78},
	Year = {2008}
}

@article {Schreiber2015,
	author = {Schreiber, Michael and Hodgman, Sean S. and Bordia, Pranjal and L{\"u}schen, Henrik P. and Fischer, Mark H. and Vosk, Ronen and Altman, Ehud and Schneider, Ulrich and Bloch, Immanuel},
	title = {Observation of many-body localization of interacting fermions in a quasirandom optical lattice},
	volume = {349},
	number = {6250},
	pages = {842--845},
	year = {2015},
	doi = {10.1126/science.aaa7432},
	publisher = {American Association for the Advancement of Science},
	issn = {0036-8075},
	journal = {Science}
}

@article{Seiberg13,
	Author = {Aharony, Ofer and Seiberg, Nathan and Tachikawa, Yuji},
	Journal = {Journal of High Energy Physics},
	Number = {8},
	Pages = {1--42},
	Publisher = {Springer},
	Title = {Reading between the lines of four-dimensional gauge theories},
	Volume = {2013},
	Year = {2013}}

@Article{Seiberg14,
	author="Kapustin, Anton
	and Seiberg, Nathan",
	title="Coupling a QFT to a TQFT and duality",
	journal="Journal of High Energy Physics",
	year="2014",
	volume="2014",
	number="4",
	pages="1--45",
	issn="1029-8479",
	doi="10.1007/JHEP04(2014)001",
	url="http://dx.doi.org/10.1007/JHEP04(2014)001"
}

@ARTICLE{SekinoSusskind,
   author = {{Sekino}, Y. and {Susskind}, L.},
    title = "{Fast scramblers}",
  journal = {Journal of High Energy Physics},
archivePrefix = "arXiv",
   eprint = {0808.2096},
 primaryClass = "hep-th",
     year = 2008,
    month = oct,
   volume = 10,
      eid = {065},
    pages = {065},
      doi = {10.1088/1126-6708/2008/10/065},
   adsurl = {http://adsabs.harvard.edu/abs/2008JHEP...10..065S},
  adsnote = {Provided by the SAO/NASA Astrophysics Data System}
}

@article{SenthilLayers,
	Author = {Wang, Chong and Senthil, T.},
	Doi = {10.1103/PhysRevB.87.235122},
	Issue = {23},
	Journal = {Phys. Rev. B},
	Month = {Jun},
	Numpages = {16},
	Pages = {235122},
	Publisher = {American Physical Society},
	Title = {Boson topological insulators: A window into highly entangled quantum phases},
	Url = {http://link.aps.org/doi/10.1103/PhysRevB.87.235122},
	Volume = {87},
	Year = {2013},
	Bdsk-Url-1 = {http://link.aps.org/doi/10.1103/PhysRevB.87.235122},
	Bdsk-Url-2 = {http://dx.doi.org/10.1103/PhysRevB.87.235122}}

@article{Serbyn13a,
  title = {Universal Slow Growth of Entanglement in Interacting Strongly Disordered Systems},
  author = {Serbyn, Maksym and Papi\ifmmode \acute{c}\else \'{c}\fi{}, Z. and Abanin, Dmitry A.},
  journal = {Phys. Rev. Lett.},
  volume = {110},
  issue = {26},
  pages = {260601},
  numpages = {5},
  year = {2013},
  month = {Jun},
  publisher = {American Physical Society},
  doi = {10.1103/PhysRevLett.110.260601},
  url = {http://link.aps.org/doi/10.1103/PhysRevLett.110.260601}
}

@article{Serbyn13cons,
  title = {Local Conservation Laws and the Structure of the Many-Body Localized States},
  author = {Serbyn, Maksym and Papi\ifmmode \acute{c}\else \'{c}\fi{}, Z. and Abanin, Dmitry A.},
  journal = {Phys. Rev. Lett.},
  volume = {111},
  issue = {12},
  pages = {127201},
  numpages = {5},
  year = {2013},
  month = {Sep},
  publisher = {American Physical Society},
  url = {http://link.aps.org/doi/10.1103/PhysRevLett.111.127201}
}

@article{SerbynCriterion,
  title = {Criterion for Many-Body Localization-Delocalization Phase Transition},
  author = {Serbyn, Maksym and Papi\ifmmode \acute{c}\else \'{c}\fi{}, Z. and Abanin, Dmitry A.},
  journal = {Phys. Rev. X},
  volume = {5},
  issue = {4},
  pages = {041047},
  numpages = {10},
  year = {2015},
  month = {Dec},
  publisher = {American Physical Society},
  doi = {10.1103/PhysRevX.5.041047},
  url = {http://link.aps.org/doi/10.1103/PhysRevX.5.041047}
}

@article{SerbynSpectralStats,
  title = {Spectral statistics across the many-body localization transition},
  author = {Serbyn, Maksym and Moore, Joel E.},
  journal = {Phys. Rev. B},
  volume = {93},
  issue = {4},
  pages = {041424},
  numpages = {5},
  year = {2016},
  month = {Jan},
  publisher = {American Physical Society},
  doi = {10.1103/PhysRevB.93.041424},
  url = {http://link.aps.org/doi/10.1103/PhysRevB.93.041424}
}

@ARTICLE{ShenkerStanfordButterfly,
   author = {{Shenker}, S.~H. and {Stanford}, D.},
    title = "{Black holes and the butterfly effect}",
  journal = {Journal of High Energy Physics},
archivePrefix = "arXiv",
   eprint = {1306.0622},
 primaryClass = "hep-th",
 keywords = {AdS-CFT Correspondence, Black Holes},
     year = 2014,
    month = mar,
   volume = 3,
      eid = {67},
    pages = {67},
      doi = {10.1007/JHEP03(2014)067},
   adsurl = {http://adsabs.harvard.edu/abs/2014JHEP...03..067S},
  adsnote = {Provided by the SAO/NASA Astrophysics Data System}
}

@article{Sikora98,
	Author = {Sikora, AS},
	Journal = {Ser. Knots Everything},
	Pages = {436--439},
	Title = {Skein modules and TQFT, from:``Knots in Hellas' 98 (Delphi)''},
	Volume = {24}}

@misc{SlagleTensor,
	Author = {Kevin Slagle and Abhinav Prem and Michael Pretko},
	Title = {Symmetric Tensor Gauge Theories on Curved Spaces},
	Year = {2018},
	Eprint = {arXiv:1807.00827},
}

@article{Slingerland09,
	Author = {Bais, F. A. and Slingerland, J. K.},
	Doi = {10.1103/PhysRevB.79.045316},
	Journal = {Phys. Rev. B},
	Month = {Jan},
	Number = {4},
	Numpages = {27},
	Pages = {045316},
	Publisher = {American Physical Society},
	Title = {Condensate-induced transitions between topologically ordered phases},
	Volume = {79},
	Year = {2009},
	Bdsk-Url-1 = {http://dx.doi.org/10.1103/PhysRevB.79.045316}}

@ARTICLE{Smith2015,
   author = {{Smith}, J. and {Lee}, A. and {Richerme}, P. and {Neyenhuis}, B. and 
	{Hess}, P.~W. and {Hauke}, P. and {Heyl}, M. and {Huse}, D.~A. and 
	{Monroe}, C.},
    title = "{Many-body localization in a quantum simulator with programmable random disorder}",
  journal = {ArXiv e-prints},
archivePrefix = "arXiv",
   eprint = {1508.07026},
 primaryClass = "quant-ph",
 keywords = {Quantum Physics, Condensed Matter - Disordered Systems and Neural Networks, Physics - Atomic Physics},
     year = 2015,
    month = aug,
   adsurl = {http://adsabs.harvard.edu/abs/2015arXiv150807026S},
  adsnote = {Provided by the SAO/NASA Astrophysics Data System}
}


@article{Srednicki,
  title = {Chaos and quantum thermalization},
  author = {Srednicki, Mark},
  journal = {Phys. Rev. E},
  volume = {50},
  issue = {2},
  pages = {888--901},
  numpages = {0},
  year = {1994},
  month = {Aug},
  publisher = {American Physical Society},
  doi = {10.1103/PhysRevE.50.888},
  url = {http://link.aps.org/doi/10.1103/PhysRevE.50.888}
}

@ARTICLE{StanfordWeakCoupling,
	author = {{Stanford}, D.},
	title = "{Many-body chaos at weak coupling}",
	journal = {Journal of High Energy Physics},
	archivePrefix = "arXiv",
	eprint = {1512.07687},
	primaryClass = "hep-th",
	keywords = {1/N Expansion, Holography and condensed matter physics (AdS/CMT)},
	year = 2016,
	month = oct,
	volume = 10,
	eid = {9},
	pages = {9},
	doi = {10.1007/JHEP10(2016)009},
	adsurl = {http://adsabs.harvard.edu/abs/2016JHEP...10..009S},
	adsnote = {Provided by the SAO/NASA Astrophysics Data System}
}

@article{Stern06,
	Author = {Stern, Ady and Halperin, Bertrand I.},
	Doi = {10.1103/PhysRevLett.96.016802},
	Issue = {1},
	Journal = {Phys. Rev. Lett.},
	Month = {Jan},
	Numpages = {4},
	Pages = {016802},
	Publisher = {American Physical Society},
	Title = {Proposed Experiments to Probe the Non-Abelian $\nu${}=5/2 Quantum Hall State},
	Url = {http://link.aps.org/doi/10.1103/PhysRevLett.96.016802},
	Volume = {96},
	Year = {2006},
	Bdsk-Url-1 = {http://link.aps.org/doi/10.1103/PhysRevLett.96.016802},
	Bdsk-Url-2 = {http://dx.doi.org/10.1103/PhysRevLett.96.016802}}

@article{Stern08,
	Abstract = {The dichotomy between fermions and bosons is at the root of many physical phenomena, from metallic conduction of electricity to super-fluidity, and from the periodic table to coherent propagation of light. The dichotomy originates from the symmetry of the quantum mechanical wave function to the interchange of two identical particles. In systems that are confined to two spatial dimensions particles that are neither fermions nor bosons, coined ``anyons'', may exist. The fractional quantum Hall effect offers an experimental system where this possibility is realized. In this paper we present the concept of anyons, we explain why the observation of the fractional quantum Hall effect almost forces the notion of anyons upon us, and we review several possible ways for a direct observation of the physics of anyons. Furthermore, we devote a large part of the paper to non-abelian anyons, motivating their existence from the point of view of trial wave functions, giving a simple exposition of their relation to conformal field theories, and reviewing several proposals for their direct observation. },
	Author = {Ady Stern},
	Doi = {http://dx.doi.org/10.1016/j.aop.2007.10.008},
	Issn = {0003-4916},
	Journal = {Annals of Physics},
	Keywords = {Quantum Hall effect},
	Note = {January Special Issue 2008},
	Number = {1},
	Pages = {204 - 249},
	Title = {Anyons and the quantum Hall effect---A pedagogical review},
	Url = {http://www.sciencedirect.com/science/article/pii/S0003491607001674},
	Volume = {323},
	Year = {2008},
	Bdsk-Url-1 = {http://www.sciencedirect.com/science/article/pii/S0003491607001674},
	Bdsk-Url-2 = {http://dx.doi.org/10.1016/j.aop.2007.10.008}}

@article{Stone78,
	Author = {Stone, Michael and Thomas, Paul R},
	Journal = {Phys. Rev. Lett.},
	Pages = {351--353},
	Title = {Condensed monopoles and abelian confinement},
	Volume = {41},
	Year = {1978}}

@article{Swingle11,
	Author = {Swingle, B. and Barkeshli, M. and McGreevy, J. and Senthil, T.},
	Doi = {10.1103/PhysRevB.83.195139},
	Issue = {19},
	Journal = {Phys. Rev. B},
	Month = {May},
	Numpages = {4},
	Pages = {195139},
	Publisher = {American Physical Society},
	Title = {Correlated topological insulators and the fractional magnetoelectric effect},
	Url = {http://link.aps.org/doi/10.1103/PhysRevB.83.195139},
	Volume = {83},
	Year = {2011},
	Bdsk-Url-1 = {http://link.aps.org/doi/10.1103/PhysRevB.83.195139},
	Bdsk-Url-2 = {http://dx.doi.org/10.1103/PhysRevB.83.195139}}

@ARTICLE{SwingleChowdhury,
   author = {{Swingle}, B. and {Chowdhury}, D.},
    title = "{Slow scrambling in disordered quantum systems}",
  journal = {\prb},
archivePrefix = "arXiv",
   eprint = {1608.03280},
 primaryClass = "cond-mat.str-el",
     year = 2017,
    month = feb,
   volume = 95,
   number = 6,
      eid = {060201},
    pages = {060201},
      doi = {10.1103/PhysRevB.95.060201},
   adsurl = {http://adsabs.harvard.edu/abs/2017PhRvB..95f0201S},
  adsnote = {Provided by the SAO/NASA Astrophysics Data System}
}

@ARTICLE{Swingle_otocMPS,
   author = {{Xu}, S. and {Swingle}, B.},
    title = "{Accessing scrambling using matrix product operators}",
  journal = {ArXiv e-prints},
archivePrefix = "arXiv",
   eprint = {1802.00801},
 primaryClass = "quant-ph",
 keywords = {Quantum Physics, Condensed Matter - Strongly Correlated Electrons, High Energy Physics - Theory},
     year = 2018,
    month = feb,
   adsurl = {http://adsabs.harvard.edu/abs/2018arXiv180200801X},
  adsnote = {Provided by the SAO/NASA Astrophysics Data System}
}

@article{Szabo00,
	Author = {Richard J. Szabo},
	Doi = {http://dx.doi.org/10.1006/aphy.1999.5986},
	Issn = {0003-4916},
	Journal = {Annals of Physics},
	Number = {1},
	Pages = {163 - 208},
	Title = {Topological Field Theory and Quantum Holonomy Representations of Motion Groups},
	Url = {http://www.sciencedirect.com/science/article/pii/S0003491699959869},
	Volume = {280},
	Year = {2000},
	Bdsk-Url-1 = {http://www.sciencedirect.com/science/article/pii/S0003491699959869},
	Bdsk-Url-2 = {http://dx.doi.org/10.1006/aphy.1999.5986}
}

@misc{TongQft,
	Author = {David Tong},
	Title = {Quantum Field Theory},
	Year = {2007},
	URL = {http://www.damtp.cam.ac.uk/user/tong/qft/qft.pdf},
}

@article{TSBLong,
	Author = {Burnell, F. J. and Simon, Steven H. and Slingerland, J. K.},
	Doi = {10.1103/PhysRevB.84.125434},
	Issue = {12},
	Journal = {Phys. Rev. B},
	Month = {Sep},
	Numpages = {21},
	Pages = {125434},
	Publisher = {American Physical Society},
	Title = {Condensation of achiral simple currents in topological lattice models: Hamiltonian study of topological symmetry breaking},
	Url = {http://link.aps.org/doi/10.1103/PhysRevB.84.125434},
	Volume = {84},
	Year = {2011},
	Bdsk-Url-1 = {http://link.aps.org/doi/10.1103/PhysRevB.84.125434},
	Bdsk-Url-2 = {http://dx.doi.org/10.1103/PhysRevB.84.125434}}

@article{TSBShort,
	Author = {F J Burnell and Steven H Simon and J K Slingerland},
	Journal = {New Journal of Physics},
	Number = {1},
	Pages = {015004},
	Title = {Phase transitions in topological lattice models via topological symmetry breaking},
	Url = {http://stacks.iop.org/1367-2630/14/i=1/a=015004},
	Volume = {14},
	Year = {2012},
	Bdsk-Url-1 = {http://stacks.iop.org/1367-2630/14/i=1/a=015004}}

@article{Teo11,
	Author = {Teo, Jeffrey C. Y. and Kane, C. L.},
	Doi = {10.1103/PhysRevLett.104.046401},
	Issue = {4},
	Journal = {Phys. Rev. Lett.},
	Month = {Jan},
	Numpages = {4},
	Pages = {046401},
	Publisher = {American Physical Society},
	Title = {Majorana Fermions and Non-Abelian Statistics in Three Dimensions},
	Url = {http://link.aps.org/doi/10.1103/PhysRevLett.104.046401},
	Volume = {104},
	Year = {2010},
	Bdsk-Url-1 = {http://link.aps.org/doi/10.1103/PhysRevLett.104.046401},
	Bdsk-Url-2 = {http://dx.doi.org/10.1103/PhysRevLett.104.046401}}

@article{Thakurathi13,
  title = {Floquet generation of Majorana end modes and topological invariants},
  author = {Thakurathi, Manisha and Patel, Aavishkar A. and Sen, Diptiman and Dutta, Amit},
  journal = {Phys. Rev. B},
  volume = {88},
  issue = {15},
  pages = {155133},
  numpages = {13},
  year = {2013},
  month = {Oct},
  publisher = {American Physical Society},
  doi = {10.1103/PhysRevB.88.155133},
  url = {http://link.aps.org/doi/10.1103/PhysRevB.88.155133}
}

@ARTICLE{TiborCons,
   author = {{Rakovszky}, T. and {Pollmann}, F. and {von Keyserlingk}, C.~W.
	},
    title = "{Diffusive hydrodynamics of out-of-time-ordered correlators with charge conservation}",
  journal = {ArXiv e-prints},
archivePrefix = "arXiv",
   eprint = {1710.09827},
 primaryClass = "cond-mat.stat-mech",
 keywords = {Condensed Matter - Statistical Mechanics, High Energy Physics - Theory, Quantum Physics},
     year = 2017,
    month = oct,
 }

@article{Titum15a,
  title = {Disorder-Induced Floquet Topological Insulators},
  author = {Titum, Paraj and Lindner, Netanel H. and Rechtsman, Mikael C. and Refael, Gil},
  journal = {Phys. Rev. Lett.},
  volume = {114},
  issue = {5},
  pages = {056801},
  numpages = {5},
  year = {2015},
  month = {Feb},
  publisher = {American Physical Society},
  doi = {10.1103/PhysRevLett.114.056801},
  url = {http://link.aps.org/doi/10.1103/PhysRevLett.114.056801}
}

@article{Titum15b,
  title={The anomalous Floquet-Anderson insulator as a non-adiabatic quantized charge pump},
  author={Titum, Paraj and Berg, Erez and Rudner, Mark S and Refael, Gil and Lindner, Netanel H},
  journal={arXiv preprint arXiv:1506.00650},
  year={2015}
}

@article{TrebstTC,
	Author = {Trebst, Simon and Werner, Philipp and Troyer, Matthias and Shtengel, Kirill and Nayak, Chetan},
	Doi = {10.1103/PhysRevLett.98.070602},
	Journal = {Phys. Rev. Lett.},
	Month = {Feb},
	Number = {7},
	Numpages = {4},
	Pages = {070602},
	Publisher = {American Physical Society},
	Title = {Breakdown of a Topological Phase: Quantum Phase Transition in a Loop Gas Model with Tension},
	Volume = {98},
	Year = {2007},
	Bdsk-Url-1 = {http://dx.doi.org/10.1103/PhysRevLett.98.070602}}

@article{Tsui82,
	Author = {Tsui, D. C. and Stormer, H. L. and Gossard, A. C.},
	Doi = {10.1103/PhysRevLett.48.1559},
	Issue = {22},
	Journal = {Phys. Rev. Lett.},
	Month = {May},
	Numpages = {0},
	Pages = {1559--1562},
	Publisher = {American Physical Society},
	Title = {Two-Dimensional Magnetotransport in the Extreme Quantum Limit},
	Url = {http://link.aps.org/doi/10.1103/PhysRevLett.48.1559},
	Volume = {48},
	Year = {1982},
	Bdsk-Url-1 = {http://link.aps.org/doi/10.1103/PhysRevLett.48.1559},
	Bdsk-Url-2 = {http://dx.doi.org/10.1103/PhysRevLett.48.1559}}

@article{Ukawa80,
	Author = {Ukawa, Akira and Windey, Paul and Guth, Alan H},
	Journal = {Physical Review D},
	Number = {4},
	Pages = {1013},
	Publisher = {APS},
	Title = {Dual variables for lattice gauge theories and the phase structure of Z (N) systems},
	Volume = {21},
	Year = {1980}}

@article{VHA,
  title = {Theory of the Many-Body Localization Transition in One-Dimensional Systems},
  author = {Vosk, Ronen and Huse, David A. and Altman, Ehud},
  journal = {Phys. Rev. X},
  volume = {5},
  issue = {3},
  pages = {031032},
  numpages = {14},
  year = {2015},
  month = {Sep},
  publisher = {American Physical Society},
  doi = {10.1103/PhysRevX.5.031032},
  url = {http://link.aps.org/doi/10.1103/PhysRevX.5.031032}
}

@article{Vasseur15,
	title = {Quantum Criticality of Hot Random Spin Chains},
	author = {Vasseur, R. and Potter, A. C. and Parameswaran, S. A.},
	journal = {Phys. Rev. Lett.},
	volume = {114},
	issue = {21},
	pages = {217201},
	numpages = {5},
	year = {2015},
	month = {May},
	publisher = {American Physical Society},
	doi = {10.1103/PhysRevLett.114.217201},
	url = {http://link.aps.org/doi/10.1103/PhysRevLett.114.217201}
}

@article{VasseurParticleHole,
  title = {Particle-hole symmetry, many-body localization, and topological edge modes},
  author = {Vasseur, Romain and Friedman, Aaron J. and Parameswaran, S. A. and Potter, Andrew C.},
  journal = {Phys. Rev. B},
  volume = {93},
  issue = {13},
  pages = {134207},
  numpages = {9},
  year = {2016},
  month = {Apr},
  publisher = {American Physical Society},
  doi = {10.1103/PhysRevB.93.134207},
  url = {http://link.aps.org/doi/10.1103/PhysRevB.93.134207}
}

@article{Vazifeh10,
	Author = {Vazifeh, M. M. and Franz, M.},
	Doi = {10.1103/PhysRevB.82.233103},
	Issue = {23},
	Journal = {Phys. Rev. B},
	Month = {Dec},
	Numpages = {4},
	Pages = {233103},
	Publisher = {American Physical Society},
	Title = {Quantization and <span class="aps-inline-formula"><math display="inline"><mrow><mn>2</mn><mi>œÄ</mi></mrow></math></span> periodicity of the axion action in topological insulators},
	Url = {http://link.aps.org/doi/10.1103/PhysRevB.82.233103},
	Volume = {82},
	Year = {2010},
	Bdsk-Url-1 = {http://link.aps.org/doi/10.1103/PhysRevB.82.233103},
	Bdsk-Url-2 = {http://dx.doi.org/10.1103/PhysRevB.82.233103}}

@article{VidalFibb,
	Author = {Schulz, Marc Daniel and Dusuel, S{\'e}bastien and Schmidt, Kai Phillip and Vidal, Julien},
	Journal = {Phys. Rev. Lett.},
	Number = {14},
	Pages = {147203},
	Publisher = {APS},
	Title = {Topological Phase Transitions in the Golden String-Net Model},
	Volume = {110},
	Year = {2013}}

@article{VidalToric,
	Author = {Vidal, Julien and Dusuel, S\'ebastien and Schmidt, Kai Phillip},
	Doi = {10.1103/PhysRevB.79.033109},
	Journal = {Phys. Rev. B},
	Month = {Jan},
	Number = {3},
	Numpages = {4},
	Pages = {033109},
	Publisher = {American Physical Society},
	Title = {Low-energy effective theory of the toric code model in a parallel magnetic field},
	Volume = {79},
	Year = {2009},
	Bdsk-Url-1 = {http://dx.doi.org/10.1103/PhysRevB.79.033109}
}

@article{Vishwanath13,
	Author = {Vishwanath, Ashvin and Senthil, T.},
	Doi = {10.1103/PhysRevX.3.011016},
	Issue = {1},
	Journal = {Phys. Rev. X},
	Month = {Feb},
	Numpages = {28},
	Pages = {011016},
	Publisher = {American Physical Society},
	Title = {Physics of Three-Dimensional Bosonic Topological Insulators: Surface-Deconfined Criticality and Quantized Magnetoelectric Effect},
	Url = {http://link.aps.org/doi/10.1103/PhysRevX.3.011016},
	Volume = {3},
	Year = {2013},
	Bdsk-Url-1 = {http://link.aps.org/doi/10.1103/PhysRevX.3.011016},
	Bdsk-Url-2 = {http://dx.doi.org/10.1103/PhysRevX.3.011016}
}

@article{vonKeyserlingk14a,
	Author = {von Keyserlingk, C.~W. and Burnell, F.~J.},
	Journal = {arXiv preprint arXiv:1405.2988},
	Title = {Walker-Wang models and axion electrodynamics},
	Year = {2014}
}

@article{vonKeyserlingk14b,
	Author = {von Keyserlingk, Curt W. and Simon, Steven H. and Rosenow, B.},
	Journal = {forthcoming},
	Title = {Coulomb effects in $\nu=5/2$ interferometry},
	Year = {2014}
}

@article{vonKeyserlingkHydro,
	doi = {10.1103/physrevx.8.021013},
	url = {https://doi.org/10.1103/physrevx.8.021013},
	year  = {2018},
	month = {apr},
	publisher = {American Physical Society ({APS})},
	volume = {8},
	number = {2},
	author = {C.{\hspace{0.167em}}W. von Keyserlingk and Tibor Rakovszky and Frank Pollmann and S.{\hspace{0.167em}}L. Sondhi},
	title = {Operator Hydrodynamics,  {OTOCs},  and Entanglement Growth in Systems without Conservation Laws},
	journal = {Physical Review X}
}

@ARTICLE{vonKeyserlingkSondhi16a,
	author = {{von Keyserlingk}, C.~W. and {Sondhi}, S.~L.},
	title = "{Phase Structure of 1d Interacting Floquet Systems I: Abelian SPTs}",
	journal = {ArXiv e-prints},
	archivePrefix = "arXiv",
	eprint = {1602.02157},
	primaryClass = "cond-mat.str-el",
	keywords = {Condensed Matter - Strongly Correlated Electrons, Condensed Matter - Disordered Systems and Neural Networks},
	year = 2016,
	month = feb,
	adsurl = {http://adsabs.harvard.edu/abs/2016arXiv160202157V},
	adsnote = {Provided by the SAO/NASA Astrophysics Data System}
}

@ARTICLE{vonKeyserlingkSondhi16b,
	author = {{von Keyserlingk}, C.~W. and {Sondhi}, S.~L.},
	title = "{1D Many-body localized Floquet systems II: Symmetry-Broken phases}",
	journal = {ArXiv e-prints},
	archivePrefix = "arXiv",
	eprint = {1602.06949},
	primaryClass = "cond-mat.str-el",
	keywords = {Condensed Matter - Strongly Correlated Electrons, Condensed Matter - Disordered Systems and Neural Networks},
	year = 2016,
	month = feb,
	adsurl = {http://adsabs.harvard.edu/abs/2016arXiv160206949V},
	adsnote = {Provided by the SAO/NASA Astrophysics Data System}
}

@article{vonKeyserlingkcomment,
	Author = {von Keyserlingk, Curt W. and Simon, Steven H. and Rosenow, B.},
	Journal = {Comment on ``Magnetic-Field-Tuned Aharonov-Bohm Oscillations and Evidence for Non-Abelian Anyons at $\nu=5/2$''},
	Year = {2014}
}

@article{vonkeyserlingk13a,
	Author = {von Keyserlingk, C. W. and Burnell, F. J. and Simon, S. H.},
	Doi = {10.1103/PhysRevB.87.045107},
	Issue = {4},
	Journal = {Phys. Rev. B},
	Month = {Jan},
	Numpages = {35},
	Pages = {045107},
	Publisher = {American Physical Society},
	Title = {Three-dimensional topological lattice models with surface anyons},
	Url = {http://link.aps.org/doi/10.1103/PhysRevB.87.045107},
	Volume = {87},
	Year = {2013},
	Bdsk-Url-1 = {http://link.aps.org/doi/10.1103/PhysRevB.87.045107},
	Bdsk-Url-2 = {http://dx.doi.org/10.1103/PhysRevB.87.045107}}

@article{Vosk13,
  title = {Many-Body Localization in One Dimension as a Dynamical Renormalization Group Fixed Point},
  author = {Vosk, Ronen and Altman, Ehud},
  journal = {Phys. Rev. Lett.},
  volume = {110},
  issue = {6},
  pages = {067204},
  numpages = {5},
  year = {2013},
  month = {Feb},
  publisher = {American Physical Society},
  doi = {10.1103/PhysRevLett.110.067204},
  url = {http://link.aps.org/doi/10.1103/PhysRevLett.110.067204}
}

@article{Vosk14,
  title = {Dynamical Quantum Phase Transitions in Random Spin Chains},
  author = {Vosk, Ronen and Altman, Ehud},
  journal = {Phys. Rev. Lett.},
  volume = {112},
  issue = {21},
  pages = {217204},
  numpages = {5},
  year = {2014},
  month = {May},
  publisher = {American Physical Society},
  doi = {10.1103/PhysRevLett.112.217204},
  url = {http://link.aps.org/doi/10.1103/PhysRevLett.112.217204}
}

@article{WB2,
	Author = {Barkeshli, Maissam and Wen, Xiao-Gang},
	Doi = {10.1103/PhysRevB.86.085114},
	Issue = {8},
	Journal = {Phys. Rev. B},
	Month = {Aug},
	Numpages = {10},
	Pages = {085114},
	Publisher = {American Physical Society},
	Title = {Phase transitions in ${Z}_{N}$ gauge theory and twisted ${Z}_{N}$ topological phases},
	Url = {http://link.aps.org/doi/10.1103/PhysRevB.86.085114},
	Volume = {86},
	Year = {2012},
	Bdsk-Url-1 = {http://link.aps.org/doi/10.1103/PhysRevB.86.085114},
	Bdsk-Url-2 = {http://dx.doi.org/10.1103/PhysRevB.86.085114}}

@article{WWUs,
	Author = {von Keyserlingk, C. W. and Burnell, F. J. and Simon, S. H.},
	Doi = {10.1103/PhysRevB.87.045107},
	Issue = {4},
	Journal = {Phys. Rev. B},
	Month = {Jan},
	Numpages = {35},
	Pages = {045107},
	Publisher = {American Physical Society},
	Title = {Three-dimensional topological lattice models with surface anyons},
	Url = {http://link.aps.org/doi/10.1103/PhysRevB.87.045107},
	Volume = {87},
	Year = {2013},
	Bdsk-Url-1 = {http://link.aps.org/doi/10.1103/PhysRevB.87.045107},
	Bdsk-Url-2 = {http://dx.doi.org/10.1103/PhysRevB.87.045107}}

@article{Walker12,
	Author = {Walker, Kevin and Wang, Zhenghan},
	Journal = {Front. Phys.},
	Pages = {150},
	Volume = {7},
	Year = {2012}}

@book{Wang10,
	Author = {Wang, Z.},
	Isbn = {9780821883396},
	Publisher = {American Mathematical Soc.},
	Series = {Conference Board of the Mathematical Sciences. CBMS regional conference series in mathematics},
	Title = {Topological Quantum Computation},
	Url = {http://books.google.co.uk/books?id=jkzVwceFaAsC},
	Year = {2010},
	Bdsk-Url-1 = {http://books.google.co.uk/books?id=jkzVwceFaAsC}}

@article{Wang15,
  title = {Field-Theory Representation of Gauge-Gravity Symmetry-Protected Topological Invariants, Group Cohomology, and Beyond},
  author = {Wang, Juven C. and Gu, Zheng-Cheng and Wen, Xiao-Gang},
  journal = {Phys. Rev. Lett.},
  volume = {114},
  issue = {3},
  pages = {031601},
  numpages = {6},
  year = {2015},
  month = {Jan},
  publisher = {American Physical Society},
  doi = {10.1103/PhysRevLett.114.031601},
  url = {http://link.aps.org/doi/10.1103/PhysRevLett.114.031601}
}

@article{WangSantos14,
  title = {Symmetry-protected many-body Aharonov-Bohm effect},
  author = {Santos, Luiz H. and Wang, Juven},
  journal = {Phys. Rev. B},
  volume = {89},
  issue = {19},
  pages = {195122},
  numpages = {12},
  year = {2014},
  month = {May},
  publisher = {American Physical Society},
  doi = {10.1103/PhysRevB.89.195122},
  url = {http://link.aps.org/doi/10.1103/PhysRevB.89.195122}
}

@article{WangSantosWen14,
  title={Bosonic Anomaly, Induced Fractional Quantum Number and Degenerate Zero Modes-the anomalous edge physics of Symmetry Protected Topological States},
  author={Wang, Juven and Santos, Luiz H and Wen, Xiao-Gang},
  journal={arXiv preprint arXiv:1403.5256},
  year={2014}
}

@article{WegnerJMP12,
	Author = {Wegner, Franz J.},
	Journal = {J. Math. Phys.},
	Number = {10},
	Pages = {2259},
	Title = {Duality in Generalized Ising Models and Phase Transitions without Local Order Parameters},
	Volume = {12},
	Year = {1971}}

@article{Wen04,
	Author = {Wen, Xiao-Gang},
	Journal = {Quantum Field Theory of Many-body Systems from the Origin of Sound to an Origin of Light and Electrons. Published in the United States by Oxford University Press Inc., New York, 2004. ISBN 019853094.},
	Title = {Quantum Field Theory of Many-body Systems from the Origin of Sound to an Origin of Light and Electrons},
	Volume = {1},
	Year = {2004}}

@article{Wen12,
	Author = {Hung, Ling-Yan and Wen, Xiao-Gang},
	Journal = {arXiv preprint arXiv:1211.2767},
	Title = {Quantized topological terms in weakly coupled gauge theories and their connection to symmetry protected topological phases},
	Year = {2012}}

@article{Wen89top1,
	Author = {Wen, Xiao-Gang},
	Journal = {Phys. Rev. B},
	Number = {10},
	Pages = {7387},
	Publisher = {APS},
	Title = {Vacuum degeneracy of chiral spin states in compactified space},
	Volume = {40},
	Year = {1989}}

@article{Wen90,
	Adsnote = {Provided by the SAO/NASA Astrophysics Data System},
	Adsurl = {http://adsabs.harvard.edu/abs/1990NuPhS..15..135W},
	Author = {{Wen}, X.~G. and {Zee}, A.},
	Doi = {10.1016/0920-5632(90)90014-L},
	Journal = {Nuclear Physics B Proceedings Supplements},
	Month = jun,
	Pages = {135-156},
	Title = {{Quantum statistics and superconductivity in two spatial dimensions}},
	Volume = 15,
	Year = 1990,
	Bdsk-Url-1 = {http://dx.doi.org/10.1016/0920-5632(90)90014-L}}

@article{Wen90top2,
	Author = {Wen, Xiao-Gang},
	Journal = {International Journal of Modern Physics B},
	Number = {02},
	Pages = {239--271},
	Publisher = {World Scientific},
	Title = {Topological orders in rigid states},
	Volume = {4},
	Year = {1990}}

@article{Wen91,
	Author = {Wen, X. G. and Zee, A.},
	Doi = {10.1103/PhysRevB.44.274},
	Issue = {1},
	Journal = {Phys. Rev. B},
	Month = {Jul},
	Numpages = {0},
	Pages = {274--284},
	Publisher = {American Physical Society},
	Title = {Topological structures, universality classes, and statistics screening in the anyon superfluid},
	Url = {http://link.aps.org/doi/10.1103/PhysRevB.44.274},
	Volume = {44},
	Year = {1991},
	Bdsk-Url-1 = {http://link.aps.org/doi/10.1103/PhysRevB.44.274},
	Bdsk-Url-2 = {http://dx.doi.org/10.1103/PhysRevB.44.274}}

@article{WenBarkeshli,
	Author = {Barkeshli, Maissam and Wen, Xiao-Gang},
	Doi = {10.1103/PhysRevLett.105.216804},
	Journal = {Phys. Rev. Lett.},
	Month = {Nov},
	Number = {21},
	Numpages = {4},
	Pages = {216804},
	Publisher = {American Physical Society},
	Title = {Anyon Condensation and Continuous Topological Phase Transitions in Non-Abelian Fractional Quantum Hall States},
	Volume = {105},
	Year = {2010},
	Bdsk-Url-1 = {http://dx.doi.org/10.1103/PhysRevLett.105.216804}}

@article{WenBarkeshliLong,
	Author = {Barkeshli, Maissam and Wen, Xiao-Gang},
	Doi = {10.1103/PhysRevB.84.115121},
	Issue = {11},
	Journal = {Phys. Rev. B},
	Month = {Sep},
	Numpages = {22},
	Pages = {115121},
	Publisher = {American Physical Society},
	Title = {Bilayer quantum Hall phase transitions and the orbifold non-Abelian fractional quantum Hall states},
	Url = {http://link.aps.org/doi/10.1103/PhysRevB.84.115121},
	Volume = {84},
	Year = {2011},
	Bdsk-Url-1 = {http://link.aps.org/doi/10.1103/PhysRevB.84.115121},
	Bdsk-Url-2 = {http://dx.doi.org/10.1103/PhysRevB.84.115121}}

@article{WenNiu90,
	title = {Ground-state degeneracy of the fractional quantum Hall states in the presence of a random potential and on high-genus Riemann surfaces},
	author = {Wen, X. G. and Niu, Q.},
	journal = {Phys. Rev. B},
	volume = {41},
	issue = {13},
	pages = {9377--9396},
	numpages = {0},
	year = {1990},
	month = {May},
	publisher = {American Physical Society},
	doi = {10.1103/PhysRevB.41.9377},
	url = {http://link.aps.org/doi/10.1103/PhysRevB.41.9377}
}

@article{Wilczek12,
  title = {Quantum Time Crystals},
  author = {Wilczek, Frank},
  journal = {Phys. Rev. Lett.},
  volume = {109},
  issue = {16},
  pages = {160401},
  numpages = {5},
  year = {2012},
  month = {Oct},
  publisher = {American Physical Society},
  doi = {10.1103/PhysRevLett.109.160401},
  url = {http://link.aps.org/doi/10.1103/PhysRevLett.109.160401}
}

@article{Wilczek87,
	Author = {Wilczek, Frank},
	Doi = {10.1103/PhysRevLett.58.1799},
	Issue = {18},
	Journal = {Phys. Rev. Lett.},
	Month = {May},
	Numpages = {0},
	Pages = {1799--1802},
	Publisher = {American Physical Society},
	Title = {Two applications of axion electrodynamics},
	Url = {http://link.aps.org/doi/10.1103/PhysRevLett.58.1799},
	Volume = {58},
	Year = {1987},
	Bdsk-Url-1 = {http://link.aps.org/doi/10.1103/PhysRevLett.58.1799},
	Bdsk-Url-2 = {http://dx.doi.org/10.1103/PhysRevLett.58.1799}}

@book{Wilczek90,
	Address = {Singapore},
	Author = {Wilczek, Frank},
	Publisher = {World Scientific},
	Title = {{Fractional statistics and anyon superconductivity}},
	Year = {1990}}

@article{Willett1,
	author = {Willett, R. L. and Pfeiffer, L. N. and West, K. W.}, 
	title = {Measurement of filling factor 5/2 quasiparticle interference with observation of charge e/4 and e/2 period oscillations},
	volume = {106}, 
	number = {22}, 
	pages = {8853-8858}, 
	year = {2009}, 
	doi = {10.1073/pnas.0812599106}, 
	URL = {http://www.pnas.org/content/106/22/8853.abstract}, 
	journal = {Proc. Natl. Acad. Sci. USA} 
}

@article{Willett2,
	title = {Alternation and interchange of e/4 and e/2 period interference oscillations consistent with filling factor 5/2 non-Abelian quasiparticles},
	author = {Willett, R. L. and Pfeiffer, L. N. and West, K. W.},
	journal = {Phys. Rev. B},
	volume = {82},
	issue = {20},
	pages = {205301},
	numpages = {12},
	year = {2010},
	month = {Nov},
	publisher = {American Physical Society},
	doi = {10.1103/PhysRevB.82.205301},
	url = {http://link.aps.org/doi/10.1103/PhysRevB.82.205301}
}

@article{Willett3,
	Adsnote = {Provided by the SAO/NASA Astrophysics Data System},
	Adsurl = {http://adsabs.harvard.edu/abs/2012arXiv1204.1993W},
	Archiveprefix = {arXiv},
	Author = {{Willett}, R.~L. and {Pfeiffer}, L.~N. and {West}, K.~W.},
	Eprint = {1204.1993},
	Journal = {ArXiv e-prints},
	Keywords = {Condensed Matter - Mesoscale and Nanoscale Physics},
	Month = apr,
	Primaryclass = {cond-mat.mes-hall},
	Title = {{Magnetic field induced resistance properties at filling factor 5/2 consistent with non-Abelian e/4 quasiparticles in multiple sized interferometers}},
	Year = 2012}

@article{Willett4,
	Adsnote = {Provided by the SAO/NASA Astrophysics Data System},
	Adsurl = {http://adsabs.harvard.edu/abs/2013arXiv1301.2594W},
	Archiveprefix = {arXiv},
	Author = {{Willett}, R.~L. and {Pfeiffer}, L.~N. and {West}, K.~W. and {Manfra}, M.},
	Eprint = {1301.2594},
	Journal = {ArXiv e-prints},
	Keywords = {Condensed Matter - Mesoscale and Nanoscale Physics},
	Month = jan,
	Primaryclass = {cond-mat.mes-hall},
	Title = {{Aharonov-Bohm effect and coherence length of charge e/4 quasiparticles at 5/2 filling factor measured in multiple small Fabry-Perot interferometers}},
	Year = 2013}

@article{Willett5,
	Author = {Willett, R. L. and Nayak, C. and Shtengel, K. and Pfeiffer, L. N. and West, K. W.},
	Doi = {10.1103/PhysRevLett.111.186401},
	Issue = {18},
	Journal = {Phys. Rev. Lett.},
	Month = {Oct},
	Numpages = {5},
	Pages = {186401},
	Publisher = {American Physical Society},
	Title = {Magnetic-Field-Tuned Aharonov-Bohm Oscillations and Evidence for Non-Abelian Anyons at $$\nu${}=5/2$},
	Url = {http://link.aps.org/doi/10.1103/PhysRevLett.111.186401},
	Volume = {111},
	Year = {2013},
	Bdsk-Url-1 = {http://link.aps.org/doi/10.1103/PhysRevLett.111.186401},
	Bdsk-Url-2 = {http://dx.doi.org/10.1103/PhysRevLett.111.186401}}

@article{WilsonLoop,
	Journal = {whoever first used Wilson loop to diagnose confinement}}


@article{Witten79,
	Author = {Witten, Edward},
	Doi = {10.1016/0370-2693(79)90838-4},
	Journal = {Phys.Lett.},
	Pages = {283-287},
	Reportnumber = {CERN-TH-2724},
	Slaccitation = {%%CITATION = PHLTA,B86,283;%%},
	Title = {{Dyons of Charge e theta/2 pi}},
	Volume = {B86},
	Year = {1979},
	Bdsk-Url-1 = {http://dx.doi.org/10.1016/0370-2693(79)90838-4}}

@article{Witten89,
	Author = {Witten, Edward},
	Doi = {10.1007/BF01217730},
	Issn = {0010-3616},
	Journal = {Communications in Mathematical Physics},
	Language = {English},
	Number = {3},
	Pages = {351-399},
	Publisher = {Springer-Verlag},
	Title = {Quantum field theory and the Jones polynomial},
	Url = {http://dx.doi.org/10.1007/BF01217730},
	Volume = {121},
	Year = {1989},
	Bdsk-Url-1 = {http://dx.doi.org/10.1007/BF01217730}}

@ARTICLE{Witten_holo,
   author = {{Witten}, E.},
    title = "{Anti-de Sitter space and holography}",
  journal = {Advances in Theoretical and Mathematical Physics},
   eprint = {hep-th/9802150},
     year = 1998,
   volume = 2,
    pages = {253-291},
   adsurl = {http://adsabs.harvard.edu/abs/1998AdTMP...2..253W},
  adsnote = {Provided by the SAO/NASA Astrophysics Data System}
}

@article{WolfWulff,
	author={D E Wolf},
	title={Wulff construction and anisotropic surface properties of two-dimensional Eden clusters},
	journal={Journal of Physics A: Mathematical and General},
	volume={20},
	number={5},
	pages={1251},
	url={http://stacks.iop.org/0305-4470/20/i=5/a=033},
	year={1987},
	abstract={A relation between the shape of Eden clusters and the number of perimeter sites per unit area of the surface is derived which is analogous to the Wulff construction of equilibrium shapes in thermodynamic systems. New data are presented for the surface width and the surface skewness of Eden clusters grown on a square lattice. The width depends on the average orientation of the surface with respect to the underlying lattice. Its corrections to scaling are discussed. The skewness has unexpected changes of sign.}
}

@article{WuWang,
	Author = {F. Y. Wu and Y. K. Wang},
	Doi = {10.1063/1.522914},
	Journal = {Journal of Mathematical Physics},
	Number = {3},
	Pages = {439-440},
	Publisher = {AIP},
	Title = {Duality transformation in a many-component spin model},
	Volume = {17},
	Year = {1976},
	Bdsk-Url-1 = {http://dx.doi.org/10.1063/1.522914}}

@article{Xia093Dtopins,
	Author = {Xia, Y and Qian, Dong and Hsieh, David and Wray, L and Pal, A and Lin, Hsin and Bansil, Arun and Grauer, DHYS and Hor, YS and Cava, RJ and others},
	Journal = {Nature Physics},
	Number = {6},
	Pages = {398--402},
	Publisher = {Nature Publishing Group},
	Title = {Observation of a large-gap topological-insulator class with a single Dirac cone on the surface},
	Volume = {5},
	Year = {2009}}

@article{Xu13,
	Author = {Xu, Cenke and Senthil, T.},
	Doi = {10.1103/PhysRevB.87.174412},
	Issue = {17},
	Journal = {Phys. Rev. B},
	Month = {May},
	Numpages = {8},
	Pages = {174412},
	Publisher = {American Physical Society},
	Title = {Wave functions of bosonic symmetry protected topological phases},
	Url = {http://link.aps.org/doi/10.1103/PhysRevB.87.174412},
	Volume = {87},
	Year = {2013},
	Bdsk-Url-1 = {http://link.aps.org/doi/10.1103/PhysRevB.87.174412},
	Bdsk-Url-2 = {http://dx.doi.org/10.1103/PhysRevB.87.174412}}

@article{Xu14,
  title = {Wave Function and Strange Correlator of Short-Range Entangled States},
  author = {You, Yi-Zhuang and Bi, Zhen and Rasmussen, Alex and Slagle, Kevin and Xu, Cenke},
  journal = {Phys. Rev. Lett.},
  volume = {112},
  issue = {24},
  pages = {247202},
  numpages = {5},
  year = {2014},
  month = {Jun},
  publisher = {American Physical Society},
  doi = {10.1103/PhysRevLett.112.247202},
  url = {http://link.aps.org/doi/10.1103/PhysRevLett.112.247202}
}

@article{Ye14,
	Author = {Ye, Peng and Wen, Xiao-Gang},
	Doi = {10.1103/PhysRevB.89.045127},
	Issue = {4},
	Journal = {Phys. Rev. B},
	Month = {Jan},
	Numpages = {20},
	Pages = {045127},
	Publisher = {American Physical Society},
	Title = {Constructing symmetric topological phases of bosons in three dimensions via fermionic projective construction and dyon condensation},
	Url = {http://link.aps.org/doi/10.1103/PhysRevB.89.045127},
	Volume = {89},
	Year = {2014},
	Bdsk-Url-1 = {http://link.aps.org/doi/10.1103/PhysRevB.89.045127},
	Bdsk-Url-2 = {http://dx.doi.org/10.1103/PhysRevB.89.045127}
}

@article{YuPekkerClark,
  title = {Finding Matrix Product State Representations of Highly Excited Eigenstates of Many-Body Localized Hamiltonians},
  author = {Yu, Xiongjie and Pekker, David and Clark, Bryan K.},
  journal = {Phys. Rev. Lett.},
  volume = {118},
  issue = {1},
  pages = {017201},
  numpages = {5},
  year = {2017},
  month = {Jan},
  publisher = {American Physical Society},
  doi = {10.1103/PhysRevLett.118.017201},
  url = {http://link.aps.org/doi/10.1103/PhysRevLett.118.017201}
}

@article{YukawaGuthPRD21,
	Author = {Ukawa, Akira and Windey, Paul and Guth, Alan H.},
	Doi = {10.1103/PhysRevD.21.1013},
	Issue = {4},
	Journal = {Phys. Rev. D},
	Month = {Feb},
	Pages = {1013--1036},
	Publisher = {American Physical Society},
	Title = {Dual variables for lattice gauge theories and the phase structure of $Z(N)$ systems},
	Url = {http://link.aps.org/doi/10.1103/PhysRevD.21.1013},
	Volume = {21},
	Year = {1980},
	Bdsk-Url-1 = {http://link.aps.org/doi/10.1103/PhysRevD.21.1013},
	Bdsk-Url-2 = {http://dx.doi.org/10.1103/PhysRevD.21.1013}}

@article{Zaletel14,
  title = {Detecting two-dimensional symmetry-protected topological order in a ground-state wave function},
  author = {Zaletel, Michael P.},
  journal = {Phys. Rev. B},
  volume = {90},
  issue = {23},
  pages = {235113},
  numpages = {9},
  year = {2014},
  month = {Dec},
  publisher = {American Physical Society},
  doi = {10.1103/PhysRevB.90.235113},
  url = {http://link.aps.org/doi/10.1103/PhysRevB.90.235113}
}

@article{Zhang2009,
	title = {Distinct signatures for Coulomb blockade and Aharonov-Bohm interference in electronic Fabry-Perot interferometers},
	author = {Zhang, Yiming and McClure, D. T. and Levenson-Falk, E. M. and Marcus, C. M. and Pfeiffer, L. N. and West, K. W.},
	journal = {Phys. Rev. B},
	volume = {79},
	issue = {24},
	pages = {241304},
	numpages = {4},
	year = {2009},
	month = {Jun},
	publisher = {American Physical Society},
	doi = {10.1103/PhysRevB.79.241304},
	url = {http://link.aps.org/doi/10.1103/PhysRevB.79.241304}
}

@article{ZhangFloq,
	title = {A Floquet model for the many-body localization transition},
	author = {Zhang, Liangsheng and Khemani, Vedika and Huse, David A.},
	journal = {Phys. Rev. B},
	volume = {94},
	issue = {22},
	pages = {224202},
	numpages = {7},
	year = {2016},
	month = {Dec},
	publisher = {American Physical Society},
	doi = {10.1103/PhysRevB.94.224202},
	url = {http://link.aps.org/doi/10.1103/PhysRevB.94.224202}
}

@article{ZhangRG,
  title = {Many-body localization phase transition: A simplified strong-randomness approximate renormalization group},
  author = {Zhang, Liangsheng and Zhao, Bo and Devakul, Trithep and Huse, David A.},
  journal = {Phys. Rev. B},
  volume = {93},
  issue = {22},
  pages = {224201},
  numpages = {7},
  year = {2016},
  month = {Jun},
  publisher = {American Physical Society},
  doi = {10.1103/PhysRevB.93.224201},
  url = {http://link.aps.org/doi/10.1103/PhysRevB.93.224201}
}

@article{ZhangTherm,
	title = {Thermalization of entanglement},
	author = {Zhang, Liangsheng and Kim, Hyungwon and Huse, David A.},
	journal = {Phys. Rev. E},
	volume = {91},
	issue = {6},
	pages = {062128},
	numpages = {6},
	year = {2015},
	month = {Jun},
	publisher = {American Physical Society},
	doi = {10.1103/PhysRevE.91.062128},
	url = {https://link.aps.org/doi/10.1103/PhysRevE.91.062128}
}


@ARTICLE{Znidaric,
   author = {{{\v Z}nidari{\v c}}, M. and {Prosen}, T. and {Prelov{\v s}ek}, P.
	},
    title = "{Many-body localization in the Heisenberg XXZ magnet in a random field}",
  journal = {\prb},
archivePrefix = "arXiv",
   eprint = {0706.2539},
 primaryClass = "quant-ph",
 keywords = {Spin chain models, Weak or Anderson localization, Entanglement production characterization and manipulation, Quantum transport},
     year = 2008,
    month = feb,
   volume = 77,
   number = 6,
      eid = {064426},
    pages = {064426},
      doi = {10.1103/PhysRevB.77.064426},
   adsurl = {http://adsabs.harvard.edu/abs/2008PhRvB..77f4426Z},
  adsnote = {Provided by the SAO/NASA Astrophysics Data System}
}


@article{aubry1980,
  title={Analyticity breaking and Anderson localization in incommensurate lattices},
  author={Aubry, Serge and Andr{\'e}, Gilles},
  journal={Ann. Israel Phys. Soc},
  volume={3},
  number={133},
  pages={18},
  year={1980}
}

@ARTICLE{chaosbound,
   author = {{Maldacena}, J. and {Shenker}, S.~H. and {Stanford}, D.},
    title = "{A bound on chaos}",
  journal = {Journal of High Energy Physics},
archivePrefix = "arXiv",
   eprint = {1503.01409},
 primaryClass = "hep-th",
 keywords = {1/N Expansion, Black Holes, AdS-CFT Correspondence},
     year = 2016,
    month = aug,
   volume = 8,
      eid = {106},
    pages = {106},
      doi = {10.1007/JHEP08(2016)106},
   adsurl = {http://adsabs.harvard.edu/abs/2016JHEP...08..106M},
  adsnote = {Provided by the SAO/NASA Astrophysics Data System}
}

@article{de2016stability,
  title = {Stability and instability towards delocalization in many-body localization systems},
  author = {De Roeck, Wojciech and Huveneers, Fran\ifmmode \mbox{\c{c}}\else \c{c}\fi{}ois},
  journal = {Phys. Rev. B},
  volume = {95},
  issue = {15},
  pages = {155129},
  numpages = {14},
  year = {2017},
  month = {Apr},
  publisher = {American Physical Society},
  doi = {10.1103/PhysRevB.95.155129},
  url = {https://link.aps.org/doi/10.1103/PhysRevB.95.155129}
}

@article{dubail2017entanglement,
	title={Entanglement scaling of operators: a conformal field theory approach, with a glimpse of simulability of long-time dynamics in 1+ 1d},
	author={Dubail, J},
	journal={Journal of Physics A: Mathematical and Theoretical},
	volume={50},
	number={23},
	pages={234001},
	year={2017},
	publisher={IOP Publishing}
}

@article{goold,
  title = {Total correlations of the diagonal ensemble herald the many-body localization transition},
  author = {Goold, J. and Gogolin, C. and Clark, S. R. and Eisert, J. and Scardicchio, A. and Silva, A.},
  journal = {Phys. Rev. B},
  volume = {92},
  issue = {18},
  pages = {180202},
  numpages = {5},
  year = {2015},
  month = {Nov},
  publisher = {American Physical Society},
  doi = {10.1103/PhysRevB.92.180202},
  url = {http://link.aps.org/doi/10.1103/PhysRevB.92.180202}
}

@article{Livi1992scaling,
  title={Scaling-law for the maximal Lyapunov exponent},
  author={Livi, R and Politi, A and Ruffo, S},
  journal={Journal of Physics A: Mathematical and General},
  volume={25},
  number={18},
  pages={4813},
  year={1992},
  publisher={IOP Publishing}
}

@article{mobilityedge,
  title = {Absence of many-body mobility edges},
  author = {De Roeck, Wojciech and Huveneers, Francois and M\"uller, Markus and Schiulaz, Mauro},
  journal = {Phys. Rev. B},
  volume = {93},
  issue = {1},
  pages = {014203},
  numpages = {14},
  year = {2016},
  month = {Jan},
  publisher = {American Physical Society},
  doi = {10.1103/PhysRevB.93.014203},
  url = {http://link.aps.org/doi/10.1103/PhysRevB.93.014203}
}
